%YAML 1.1
%TAG !u! tag:unity3d.com,2011:
--- !u!1 &1584949052261162681
GameObject:
  m_ObjectHideFlags: 0
  m_CorrespondingSourceObject: {fileID: 0}
  m_PrefabInstance: {fileID: 0}
  m_PrefabAsset: {fileID: 0}
  serializedVersion: 6
  m_Component:
  - component: {fileID: 1584949052261162685}
  - component: {fileID: 6771565263926183416}
  - component: {fileID: 8249627582695833435}
  - component: {fileID: 2680390708682271566}
  - component: {fileID: 1733840117365698220}
  m_Layer: 9
  m_Name: Goal GB
  m_TagString: GoalBG
  m_Icon: {fileID: 0}
  m_NavMeshLayer: 0
  m_StaticEditorFlags: 0
  m_IsActive: 1
--- !u!4 &1584949052261162685
Transform:
  m_ObjectHideFlags: 0
  m_CorrespondingSourceObject: {fileID: 0}
  m_PrefabInstance: {fileID: 0}
  m_PrefabAsset: {fileID: 0}
  m_GameObject: {fileID: 1584949052261162681}
  m_LocalRotation: {x: 0.7071068, y: 0, z: 0, w: 0.7071068}
  m_LocalPosition: {x: -6, y: -0.16799998, z: -4.8}
  m_LocalScale: {x: 1, y: 1, z: 1}
  m_Children:
  - {fileID: 3248067348129444186}
  m_Father: {fileID: 0}
  m_RootOrder: 0
  m_LocalEulerAnglesHint: {x: 90, y: 0, z: 0}
--- !u!212 &6771565263926183416
SpriteRenderer:
  m_ObjectHideFlags: 0
  m_CorrespondingSourceObject: {fileID: 0}
  m_PrefabInstance: {fileID: 0}
  m_PrefabAsset: {fileID: 0}
  m_GameObject: {fileID: 1584949052261162681}
  m_Enabled: 1
  m_CastShadows: 0
  m_ReceiveShadows: 0
  m_DynamicOccludee: 1
  m_MotionVectors: 1
  m_LightProbeUsage: 1
  m_ReflectionProbeUsage: 1
  m_RenderingLayerMask: 1
  m_RendererPriority: 0
  m_Materials:
  - {fileID: 10754, guid: 0000000000000000f000000000000000, type: 0}
  m_StaticBatchInfo:
    firstSubMesh: 0
    subMeshCount: 0
  m_StaticBatchRoot: {fileID: 0}
  m_ProbeAnchor: {fileID: 0}
  m_LightProbeVolumeOverride: {fileID: 0}
  m_ScaleInLightmap: 1
  m_PreserveUVs: 0
  m_IgnoreNormalsForChartDetection: 0
  m_ImportantGI: 0
  m_StitchLightmapSeams: 0
  m_SelectedEditorRenderState: 0
  m_MinimumChartSize: 4
  m_AutoUVMaxDistance: 0.5
  m_AutoUVMaxAngle: 89
  m_LightmapParameters: {fileID: 0}
  m_SortingLayerID: 0
  m_SortingLayer: 0
  m_SortingOrder: 0
  m_Sprite: {fileID: 21300000, guid: 047fb610f0591eb4585781b3839b0e3e, type: 3}
  m_Color: {r: 1, g: 1, b: 1, a: 1}
  m_FlipX: 0
  m_FlipY: 0
  m_DrawMode: 0
  m_Size: {x: 1.16, y: 1.16}
  m_AdaptiveModeThreshold: 0.5
  m_SpriteTileMode: 0
  m_WasSpriteAssigned: 1
  m_MaskInteraction: 0
  m_SpriteSortPoint: 0
--- !u!135 &8249627582695833435
SphereCollider:
  m_ObjectHideFlags: 0
  m_CorrespondingSourceObject: {fileID: 0}
  m_PrefabInstance: {fileID: 0}
  m_PrefabAsset: {fileID: 0}
  m_GameObject: {fileID: 1584949052261162681}
  m_Material: {fileID: 0}
  m_IsTrigger: 0
  m_Enabled: 1
  serializedVersion: 2
  m_Radius: 0.225
  m_Center: {x: 0, y: 0, z: 0}
--- !u!95 &2680390708682271566
Animator:
  serializedVersion: 3
  m_ObjectHideFlags: 0
  m_CorrespondingSourceObject: {fileID: 0}
  m_PrefabInstance: {fileID: 0}
  m_PrefabAsset: {fileID: 0}
  m_GameObject: {fileID: 1584949052261162681}
  m_Enabled: 1
  m_Avatar: {fileID: 0}
  m_Controller: {fileID: 9100000, guid: 352faec3584964644b72f2f3b0243aa0, type: 2}
  m_CullingMode: 0
  m_UpdateMode: 0
  m_ApplyRootMotion: 0
  m_LinearVelocityBlending: 0
  m_WarningMessage: 
  m_HasTransformHierarchy: 1
  m_AllowConstantClipSamplingOptimization: 1
  m_KeepAnimatorControllerStateOnDisable: 0
--- !u!114 &1733840117365698220
MonoBehaviour:
  m_ObjectHideFlags: 0
  m_CorrespondingSourceObject: {fileID: 0}
  m_PrefabInstance: {fileID: 0}
  m_PrefabAsset: {fileID: 0}
  m_GameObject: {fileID: 1584949052261162681}
  m_Enabled: 1
  m_EditorHideFlags: 0
  m_Script: {fileID: 11500000, guid: 5158821d019a1ca43899d5f056acc63d, type: 3}
  m_Name: 
  m_EditorClassIdentifier: 
  goal: {fileID: 6943176131257342353}
--- !u!1001 &4312428462040545937
PrefabInstance:
  m_ObjectHideFlags: 0
  serializedVersion: 2
  m_Modification:
    m_TransformParent: {fileID: 1584949052261162685}
    m_Modifications:
    - target: {fileID: 5740709454221355304, guid: 8f166a0cf3f1d084fb906e1726ee3fe6,
        type: 3}
      propertyPath: m_Name
      value: Explosion_PointMarque
      objectReference: {fileID: 0}
    - target: {fileID: 1642589960663534539, guid: 8f166a0cf3f1d084fb906e1726ee3fe6,
        type: 3}
      propertyPath: m_LocalPosition.x
      value: 0
      objectReference: {fileID: 0}
    - target: {fileID: 1642589960663534539, guid: 8f166a0cf3f1d084fb906e1726ee3fe6,
        type: 3}
      propertyPath: m_LocalPosition.y
      value: 0
      objectReference: {fileID: 0}
    - target: {fileID: 1642589960663534539, guid: 8f166a0cf3f1d084fb906e1726ee3fe6,
        type: 3}
      propertyPath: m_LocalPosition.z
      value: 0
      objectReference: {fileID: 0}
    - target: {fileID: 1642589960663534539, guid: 8f166a0cf3f1d084fb906e1726ee3fe6,
        type: 3}
      propertyPath: m_LocalRotation.x
      value: -0.7071068
      objectReference: {fileID: 0}
    - target: {fileID: 1642589960663534539, guid: 8f166a0cf3f1d084fb906e1726ee3fe6,
        type: 3}
      propertyPath: m_LocalRotation.y
      value: 0
      objectReference: {fileID: 0}
    - target: {fileID: 1642589960663534539, guid: 8f166a0cf3f1d084fb906e1726ee3fe6,
        type: 3}
      propertyPath: m_LocalRotation.z
      value: 0
      objectReference: {fileID: 0}
    - target: {fileID: 1642589960663534539, guid: 8f166a0cf3f1d084fb906e1726ee3fe6,
        type: 3}
      propertyPath: m_LocalRotation.w
      value: 0.7071068
      objectReference: {fileID: 0}
    - target: {fileID: 1642589960663534539, guid: 8f166a0cf3f1d084fb906e1726ee3fe6,
        type: 3}
      propertyPath: m_RootOrder
      value: 0
      objectReference: {fileID: 0}
    - target: {fileID: 1642589960663534539, guid: 8f166a0cf3f1d084fb906e1726ee3fe6,
        type: 3}
      propertyPath: m_LocalEulerAnglesHint.x
      value: -90
      objectReference: {fileID: 0}
    - target: {fileID: 1642589960663534539, guid: 8f166a0cf3f1d084fb906e1726ee3fe6,
        type: 3}
      propertyPath: m_LocalEulerAnglesHint.y
      value: 0
      objectReference: {fileID: 0}
    - target: {fileID: 1642589960663534539, guid: 8f166a0cf3f1d084fb906e1726ee3fe6,
        type: 3}
      propertyPath: m_LocalEulerAnglesHint.z
      value: 0
      objectReference: {fileID: 0}
    - target: {fileID: 6594342089358926592, guid: 8f166a0cf3f1d084fb906e1726ee3fe6,
        type: 3}
      propertyPath: looping
      value: 1
      objectReference: {fileID: 0}
    - target: {fileID: 6594342089358926592, guid: 8f166a0cf3f1d084fb906e1726ee3fe6,
        type: 3}
      propertyPath: InitialModule.startColor.maxColor.r
      value: 0
      objectReference: {fileID: 0}
    - target: {fileID: 6594342089358926592, guid: 8f166a0cf3f1d084fb906e1726ee3fe6,
        type: 3}
      propertyPath: InitialModule.startColor.maxColor.g
      value: 0.43080854
      objectReference: {fileID: 0}
    - target: {fileID: 6594342089358926592, guid: 8f166a0cf3f1d084fb906e1726ee3fe6,
        type: 3}
      propertyPath: InitialModule.startColor.maxColor.b
      value: 1
      objectReference: {fileID: 0}
    - target: {fileID: 6594342089358926592, guid: 8f166a0cf3f1d084fb906e1726ee3fe6,
        type: 3}
      propertyPath: playOnAwake
      value: 0
      objectReference: {fileID: 0}
    - target: {fileID: 7535600694086090093, guid: 8f166a0cf3f1d084fb906e1726ee3fe6,
        type: 3}
      propertyPath: m_SortingLayerID
      value: 1151742043
      objectReference: {fileID: 0}
    - target: {fileID: 7535600694086090093, guid: 8f166a0cf3f1d084fb906e1726ee3fe6,
        type: 3}
      propertyPath: m_SortingLayer
      value: 1
      objectReference: {fileID: 0}
    m_RemovedComponents: []
  m_SourcePrefab: {fileID: 100100000, guid: 8f166a0cf3f1d084fb906e1726ee3fe6, type: 3}
--- !u!4 &3248067348129444186 stripped
Transform:
  m_CorrespondingSourceObject: {fileID: 1642589960663534539, guid: 8f166a0cf3f1d084fb906e1726ee3fe6,
    type: 3}
  m_PrefabInstance: {fileID: 4312428462040545937}
  m_PrefabAsset: {fileID: 0}
--- !u!198 &6943176131257342353 stripped
ParticleSystem:
  m_CorrespondingSourceObject: {fileID: 6594342089358926592, guid: 8f166a0cf3f1d084fb906e1726ee3fe6,
    type: 3}
  m_PrefabInstance: {fileID: 4312428462040545937}
  m_PrefabAsset: {fileID: 0}
