%YAML 1.1
%TAG !u! tag:unity3d.com,2011:
--- !u!1 &485178803747458417
GameObject:
  m_ObjectHideFlags: 0
  m_CorrespondingSourceObject: {fileID: 0}
  m_PrefabInstance: {fileID: 0}
  m_PrefabAsset: {fileID: 0}
  serializedVersion: 6
  m_Component:
  - component: {fileID: 1135463096312069262}
  - component: {fileID: 6107463007640395731}
  - component: {fileID: 3004525468978279626}
  - component: {fileID: 1522159766942652745}
  m_Layer: 5
  m_Name: AnimationAide
  m_TagString: Untagged
  m_Icon: {fileID: 0}
  m_NavMeshLayer: 0
  m_StaticEditorFlags: 0
  m_IsActive: 1
--- !u!224 &1135463096312069262
RectTransform:
  m_ObjectHideFlags: 0
  m_CorrespondingSourceObject: {fileID: 0}
  m_PrefabInstance: {fileID: 0}
  m_PrefabAsset: {fileID: 0}
  m_GameObject: {fileID: 485178803747458417}
  m_LocalRotation: {x: 0, y: 0, z: 0, w: 1}
  m_LocalPosition: {x: 0, y: 0, z: 0}
  m_LocalScale: {x: 1, y: 1, z: 1}
  m_Children: []
  m_Father: {fileID: 8114540242110545248}
  m_RootOrder: 2
  m_LocalEulerAnglesHint: {x: 0, y: 0, z: 0}
  m_AnchorMin: {x: 0.5, y: 0}
  m_AnchorMax: {x: 0.5, y: 0}
  m_AnchoredPosition: {x: 0, y: 343}
  m_SizeDelta: {x: 300, y: 250}
  m_Pivot: {x: 0.5, y: 0.5}
--- !u!222 &6107463007640395731
CanvasRenderer:
  m_ObjectHideFlags: 0
  m_CorrespondingSourceObject: {fileID: 0}
  m_PrefabInstance: {fileID: 0}
  m_PrefabAsset: {fileID: 0}
  m_GameObject: {fileID: 485178803747458417}
  m_CullTransparentMesh: 0
--- !u!114 &3004525468978279626
MonoBehaviour:
  m_ObjectHideFlags: 0
  m_CorrespondingSourceObject: {fileID: 0}
  m_PrefabInstance: {fileID: 0}
  m_PrefabAsset: {fileID: 0}
  m_GameObject: {fileID: 485178803747458417}
  m_Enabled: 1
  m_EditorHideFlags: 0
  m_Script: {fileID: -765806418, guid: f70555f144d8491a825f0804e09c671c, type: 3}
  m_Name: 
  m_EditorClassIdentifier: 
  m_Material: {fileID: 0}
  m_Color: {r: 1, g: 1, b: 1, a: 1}
  m_RaycastTarget: 1
  m_OnCullStateChanged:
    m_PersistentCalls:
      m_Calls: []
    m_TypeName: UnityEngine.UI.MaskableGraphic+CullStateChangedEvent, UnityEngine.UI,
      Version=1.0.0.0, Culture=neutral, PublicKeyToken=null
  m_Sprite: {fileID: 21300000, guid: b7a7d7fe4fb1bc04cbab2df148d455fb, type: 3}
  m_Type: 0
  m_PreserveAspect: 1
  m_FillCenter: 1
  m_FillMethod: 4
  m_FillAmount: 1
  m_FillClockwise: 1
  m_FillOrigin: 0
  m_UseSpriteMesh: 0
--- !u!95 &1522159766942652745
Animator:
  serializedVersion: 3
  m_ObjectHideFlags: 0
  m_CorrespondingSourceObject: {fileID: 0}
  m_PrefabInstance: {fileID: 0}
  m_PrefabAsset: {fileID: 0}
  m_GameObject: {fileID: 485178803747458417}
  m_Enabled: 1
  m_Avatar: {fileID: 0}
  m_Controller: {fileID: 22100000, guid: 3c7072d5b2714f5499d32fd47b7b40ac, type: 2}
  m_CullingMode: 0
  m_UpdateMode: 0
  m_ApplyRootMotion: 0
  m_LinearVelocityBlending: 0
  m_WarningMessage: 
  m_HasTransformHierarchy: 1
  m_AllowConstantClipSamplingOptimization: 1
  m_KeepAnimatorControllerStateOnDisable: 0
--- !u!1 &8114540242110545247
GameObject:
  m_ObjectHideFlags: 0
  m_CorrespondingSourceObject: {fileID: 0}
  m_PrefabInstance: {fileID: 0}
  m_PrefabAsset: {fileID: 0}
  serializedVersion: 6
  m_Component:
  - component: {fileID: 8114540242110545248}
  - component: {fileID: 8114540242110545250}
  - component: {fileID: 8114540242110545249}
  m_Layer: 5
  m_Name: helpPage
  m_TagString: Untagged
  m_Icon: {fileID: 0}
  m_NavMeshLayer: 0
  m_StaticEditorFlags: 0
  m_IsActive: 1
--- !u!224 &8114540242110545248
RectTransform:
  m_ObjectHideFlags: 0
  m_CorrespondingSourceObject: {fileID: 0}
  m_PrefabInstance: {fileID: 0}
  m_PrefabAsset: {fileID: 0}
  m_GameObject: {fileID: 8114540242110545247}
  m_LocalRotation: {x: 0, y: 0, z: 0, w: 1}
  m_LocalPosition: {x: 0, y: 0, z: 0}
  m_LocalScale: {x: 1, y: 1, z: 1}
  m_Children:
  - {fileID: 6036367571074285986}
  - {fileID: 935869049068929791}
  - {fileID: 1135463096312069262}
  m_Father: {fileID: 0}
  m_RootOrder: 0
  m_LocalEulerAnglesHint: {x: 0, y: 0, z: 0}
  m_AnchorMin: {x: 0, y: 0}
  m_AnchorMax: {x: 1, y: 1}
  m_AnchoredPosition: {x: 0, y: 0}
  m_SizeDelta: {x: -480, y: -22}
  m_Pivot: {x: 0.5, y: 0.5}
--- !u!222 &8114540242110545250
CanvasRenderer:
  m_ObjectHideFlags: 0
  m_CorrespondingSourceObject: {fileID: 0}
  m_PrefabInstance: {fileID: 0}
  m_PrefabAsset: {fileID: 0}
  m_GameObject: {fileID: 8114540242110545247}
  m_CullTransparentMesh: 0
--- !u!114 &8114540242110545249
MonoBehaviour:
  m_ObjectHideFlags: 0
  m_CorrespondingSourceObject: {fileID: 0}
  m_PrefabInstance: {fileID: 0}
  m_PrefabAsset: {fileID: 0}
  m_GameObject: {fileID: 8114540242110545247}
  m_Enabled: 1
  m_EditorHideFlags: 0
  m_Script: {fileID: -765806418, guid: f70555f144d8491a825f0804e09c671c, type: 3}
  m_Name: 
  m_EditorClassIdentifier: 
  m_Material: {fileID: 0}
  m_Color: {r: 1, g: 1, b: 1, a: 1}
  m_RaycastTarget: 1
  m_OnCullStateChanged:
    m_PersistentCalls:
      m_Calls: []
    m_TypeName: UnityEngine.UI.MaskableGraphic+CullStateChangedEvent, UnityEngine.UI,
      Version=1.0.0.0, Culture=neutral, PublicKeyToken=null
  m_Sprite: {fileID: 21300000, guid: 0f4d9e60d592f874094ba757929beaf8, type: 3}
  m_Type: 0
  m_PreserveAspect: 1
  m_FillCenter: 1
  m_FillMethod: 4
  m_FillAmount: 1
  m_FillClockwise: 1
  m_FillOrigin: 0
  m_UseSpriteMesh: 0
--- !u!1001 &1194729028854814827
PrefabInstance:
  m_ObjectHideFlags: 0
  serializedVersion: 2
  m_Modification:
    m_TransformParent: {fileID: 8114540242110545248}
    m_Modifications:
    - target: {fileID: 4850935256635611594, guid: 639ca662b413cfa46af356b91f1da602,
        type: 3}
      propertyPath: m_Name
      value: TextTitle
      objectReference: {fileID: 0}
    - target: {fileID: 4850935256635611593, guid: 639ca662b413cfa46af356b91f1da602,
        type: 3}
      propertyPath: m_LocalPosition.x
      value: 0
      objectReference: {fileID: 0}
    - target: {fileID: 4850935256635611593, guid: 639ca662b413cfa46af356b91f1da602,
        type: 3}
      propertyPath: m_LocalPosition.y
      value: 0
      objectReference: {fileID: 0}
    - target: {fileID: 4850935256635611593, guid: 639ca662b413cfa46af356b91f1da602,
        type: 3}
      propertyPath: m_LocalPosition.z
      value: 0
      objectReference: {fileID: 0}
    - target: {fileID: 4850935256635611593, guid: 639ca662b413cfa46af356b91f1da602,
        type: 3}
      propertyPath: m_LocalRotation.x
      value: 0
      objectReference: {fileID: 0}
    - target: {fileID: 4850935256635611593, guid: 639ca662b413cfa46af356b91f1da602,
        type: 3}
      propertyPath: m_LocalRotation.y
      value: 0
      objectReference: {fileID: 0}
    - target: {fileID: 4850935256635611593, guid: 639ca662b413cfa46af356b91f1da602,
        type: 3}
      propertyPath: m_LocalRotation.z
      value: 0
      objectReference: {fileID: 0}
    - target: {fileID: 4850935256635611593, guid: 639ca662b413cfa46af356b91f1da602,
        type: 3}
      propertyPath: m_LocalRotation.w
      value: 1
      objectReference: {fileID: 0}
    - target: {fileID: 4850935256635611593, guid: 639ca662b413cfa46af356b91f1da602,
        type: 3}
      propertyPath: m_RootOrder
      value: 0
      objectReference: {fileID: 0}
    - target: {fileID: 4850935256635611593, guid: 639ca662b413cfa46af356b91f1da602,
        type: 3}
      propertyPath: m_LocalEulerAnglesHint.x
      value: 0
      objectReference: {fileID: 0}
    - target: {fileID: 4850935256635611593, guid: 639ca662b413cfa46af356b91f1da602,
        type: 3}
      propertyPath: m_LocalEulerAnglesHint.y
      value: 0
      objectReference: {fileID: 0}
    - target: {fileID: 4850935256635611593, guid: 639ca662b413cfa46af356b91f1da602,
        type: 3}
      propertyPath: m_LocalEulerAnglesHint.z
      value: 0
      objectReference: {fileID: 0}
    - target: {fileID: 4850935256635611593, guid: 639ca662b413cfa46af356b91f1da602,
        type: 3}
      propertyPath: m_AnchoredPosition.x
      value: 11
      objectReference: {fileID: 0}
    - target: {fileID: 4850935256635611593, guid: 639ca662b413cfa46af356b91f1da602,
        type: 3}
      propertyPath: m_AnchoredPosition.y
      value: 378
      objectReference: {fileID: 0}
    - target: {fileID: 4850935256635611593, guid: 639ca662b413cfa46af356b91f1da602,
        type: 3}
      propertyPath: m_SizeDelta.x
      value: 693
      objectReference: {fileID: 0}
    - target: {fileID: 4850935256635611593, guid: 639ca662b413cfa46af356b91f1da602,
        type: 3}
      propertyPath: m_SizeDelta.y
      value: 146.8
      objectReference: {fileID: 0}
    - target: {fileID: 4850935256635611593, guid: 639ca662b413cfa46af356b91f1da602,
        type: 3}
      propertyPath: m_AnchorMin.x
      value: 0.5
      objectReference: {fileID: 0}
    - target: {fileID: 4850935256635611593, guid: 639ca662b413cfa46af356b91f1da602,
        type: 3}
      propertyPath: m_AnchorMin.y
      value: 0.5
      objectReference: {fileID: 0}
    - target: {fileID: 4850935256635611593, guid: 639ca662b413cfa46af356b91f1da602,
        type: 3}
      propertyPath: m_AnchorMax.x
      value: 0.5
      objectReference: {fileID: 0}
    - target: {fileID: 4850935256635611593, guid: 639ca662b413cfa46af356b91f1da602,
        type: 3}
      propertyPath: m_AnchorMax.y
      value: 0.5
      objectReference: {fileID: 0}
    - target: {fileID: 4850935256635611593, guid: 639ca662b413cfa46af356b91f1da602,
        type: 3}
      propertyPath: m_Pivot.x
      value: 0.5
      objectReference: {fileID: 0}
    - target: {fileID: 4850935256635611593, guid: 639ca662b413cfa46af356b91f1da602,
        type: 3}
      propertyPath: m_Pivot.y
      value: 0.5
      objectReference: {fileID: 0}
    - target: {fileID: 4850935256635611592, guid: 639ca662b413cfa46af356b91f1da602,
        type: 3}
      propertyPath: m_havePropertiesChanged
      value: 0
      objectReference: {fileID: 0}
    - target: {fileID: 4850935256635611592, guid: 639ca662b413cfa46af356b91f1da602,
        type: 3}
      propertyPath: m_isInputParsingRequired
      value: 0
      objectReference: {fileID: 0}
    - target: {fileID: 4850935256635611592, guid: 639ca662b413cfa46af356b91f1da602,
        type: 3}
      propertyPath: m_text
      value: "\nHow To Win\r"
      objectReference: {fileID: 0}
    - target: {fileID: 4850935256635611592, guid: 639ca662b413cfa46af356b91f1da602,
        type: 3}
      propertyPath: m_textInfo.characterCount
      value: 12
      objectReference: {fileID: 0}
    - target: {fileID: 4850935256635611592, guid: 639ca662b413cfa46af356b91f1da602,
        type: 3}
      propertyPath: m_textInfo.spaceCount
      value: 3
      objectReference: {fileID: 0}
    - target: {fileID: 4850935256635611592, guid: 639ca662b413cfa46af356b91f1da602,
        type: 3}
      propertyPath: m_textInfo.wordCount
      value: 4
      objectReference: {fileID: 0}
    - target: {fileID: 4850935256635611592, guid: 639ca662b413cfa46af356b91f1da602,
        type: 3}
      propertyPath: m_textInfo.lineCount
      value: 2
      objectReference: {fileID: 0}
    - target: {fileID: 4850935256635611592, guid: 639ca662b413cfa46af356b91f1da602,
        type: 3}
      propertyPath: m_textInfo.materialCount
      value: 1
      objectReference: {fileID: 0}
    - target: {fileID: 4850935256635611592, guid: 639ca662b413cfa46af356b91f1da602,
        type: 3}
      propertyPath: m_fontSize
      value: 60
      objectReference: {fileID: 0}
    - target: {fileID: 4850935256635611592, guid: 639ca662b413cfa46af356b91f1da602,
        type: 3}
      propertyPath: m_fontSizeBase
      value: 60
      objectReference: {fileID: 0}
    - target: {fileID: 4850935256635611592, guid: 639ca662b413cfa46af356b91f1da602,
        type: 3}
      propertyPath: m_textAlignment
      value: 258
      objectReference: {fileID: 0}
    - target: {fileID: 4850935256469827283, guid: 639ca662b413cfa46af356b91f1da602,
        type: 3}
      propertyPath: m_padding
      value: 0
      objectReference: {fileID: 0}
    m_RemovedComponents: []
  m_SourcePrefab: {fileID: 100100000, guid: 639ca662b413cfa46af356b91f1da602, type: 3}
--- !u!224 &6036367571074285986 stripped
RectTransform:
  m_CorrespondingSourceObject: {fileID: 4850935256635611593, guid: 639ca662b413cfa46af356b91f1da602,
    type: 3}
  m_PrefabInstance: {fileID: 1194729028854814827}
  m_PrefabAsset: {fileID: 0}
--- !u!1001 &5741284799191341878
PrefabInstance:
  m_ObjectHideFlags: 0
  serializedVersion: 2
  m_Modification:
    m_TransformParent: {fileID: 8114540242110545248}
    m_Modifications:
    - target: {fileID: 4850935256635611594, guid: 639ca662b413cfa46af356b91f1da602,
        type: 3}
      propertyPath: m_Name
      value: TextAide
      objectReference: {fileID: 0}
    - target: {fileID: 4850935256635611593, guid: 639ca662b413cfa46af356b91f1da602,
        type: 3}
      propertyPath: m_LocalPosition.x
      value: 0
      objectReference: {fileID: 0}
    - target: {fileID: 4850935256635611593, guid: 639ca662b413cfa46af356b91f1da602,
        type: 3}
      propertyPath: m_LocalPosition.y
      value: 0
      objectReference: {fileID: 0}
    - target: {fileID: 4850935256635611593, guid: 639ca662b413cfa46af356b91f1da602,
        type: 3}
      propertyPath: m_LocalPosition.z
      value: 0
      objectReference: {fileID: 0}
    - target: {fileID: 4850935256635611593, guid: 639ca662b413cfa46af356b91f1da602,
        type: 3}
      propertyPath: m_LocalRotation.x
      value: 0
      objectReference: {fileID: 0}
    - target: {fileID: 4850935256635611593, guid: 639ca662b413cfa46af356b91f1da602,
        type: 3}
      propertyPath: m_LocalRotation.y
      value: 0
      objectReference: {fileID: 0}
    - target: {fileID: 4850935256635611593, guid: 639ca662b413cfa46af356b91f1da602,
        type: 3}
      propertyPath: m_LocalRotation.z
      value: 0
      objectReference: {fileID: 0}
    - target: {fileID: 4850935256635611593, guid: 639ca662b413cfa46af356b91f1da602,
        type: 3}
      propertyPath: m_LocalRotation.w
      value: 1
      objectReference: {fileID: 0}
    - target: {fileID: 4850935256635611593, guid: 639ca662b413cfa46af356b91f1da602,
        type: 3}
      propertyPath: m_RootOrder
      value: 1
      objectReference: {fileID: 0}
    - target: {fileID: 4850935256635611593, guid: 639ca662b413cfa46af356b91f1da602,
        type: 3}
      propertyPath: m_LocalEulerAnglesHint.x
      value: 0
      objectReference: {fileID: 0}
    - target: {fileID: 4850935256635611593, guid: 639ca662b413cfa46af356b91f1da602,
        type: 3}
      propertyPath: m_LocalEulerAnglesHint.y
      value: 0
      objectReference: {fileID: 0}
    - target: {fileID: 4850935256635611593, guid: 639ca662b413cfa46af356b91f1da602,
        type: 3}
      propertyPath: m_LocalEulerAnglesHint.z
      value: 0
      objectReference: {fileID: 0}
    - target: {fileID: 4850935256635611593, guid: 639ca662b413cfa46af356b91f1da602,
        type: 3}
      propertyPath: m_AnchoredPosition.x
      value: 11
      objectReference: {fileID: 0}
    - target: {fileID: 4850935256635611593, guid: 639ca662b413cfa46af356b91f1da602,
        type: 3}
      propertyPath: m_AnchoredPosition.y
      value: 140.03
      objectReference: {fileID: 0}
    - target: {fileID: 4850935256635611593, guid: 639ca662b413cfa46af356b91f1da602,
        type: 3}
      propertyPath: m_SizeDelta.x
      value: 693
      objectReference: {fileID: 0}
    - target: {fileID: 4850935256635611593, guid: 639ca662b413cfa46af356b91f1da602,
        type: 3}
      propertyPath: m_SizeDelta.y
      value: 280.05
      objectReference: {fileID: 0}
    - target: {fileID: 4850935256635611593, guid: 639ca662b413cfa46af356b91f1da602,
        type: 3}
      propertyPath: m_AnchorMin.x
      value: 0.5
      objectReference: {fileID: 0}
    - target: {fileID: 4850935256635611593, guid: 639ca662b413cfa46af356b91f1da602,
        type: 3}
      propertyPath: m_AnchorMin.y
      value: 0.5
      objectReference: {fileID: 0}
    - target: {fileID: 4850935256635611593, guid: 639ca662b413cfa46af356b91f1da602,
        type: 3}
      propertyPath: m_AnchorMax.x
      value: 0.5
      objectReference: {fileID: 0}
    - target: {fileID: 4850935256635611593, guid: 639ca662b413cfa46af356b91f1da602,
        type: 3}
      propertyPath: m_AnchorMax.y
      value: 0.5
      objectReference: {fileID: 0}
    - target: {fileID: 4850935256635611593, guid: 639ca662b413cfa46af356b91f1da602,
        type: 3}
      propertyPath: m_Pivot.x
      value: 0.5
      objectReference: {fileID: 0}
    - target: {fileID: 4850935256635611593, guid: 639ca662b413cfa46af356b91f1da602,
        type: 3}
      propertyPath: m_Pivot.y
      value: 0.5
      objectReference: {fileID: 0}
    - target: {fileID: 4850935256635611592, guid: 639ca662b413cfa46af356b91f1da602,
        type: 3}
      propertyPath: m_havePropertiesChanged
      value: 0
      objectReference: {fileID: 0}
    - target: {fileID: 4850935256635611592, guid: 639ca662b413cfa46af356b91f1da602,
        type: 3}
      propertyPath: m_isInputParsingRequired
      value: 0
      objectReference: {fileID: 0}
    - target: {fileID: 4850935256635611592, guid: 639ca662b413cfa46af356b91f1da602,
        type: 3}
      propertyPath: m_text
      value: "Every player's goal is to bring the ball in any hole of their color
        with the help of their teammate.\n\nWhen a team gets as much as three points,
        they WIN !\n\r"
      objectReference: {fileID: 0}
    - target: {fileID: 4850935256635611592, guid: 639ca662b413cfa46af356b91f1da602,
        type: 3}
      propertyPath: m_textInfo.characterCount
      value: 156
      objectReference: {fileID: 0}
    - target: {fileID: 4850935256635611592, guid: 639ca662b413cfa46af356b91f1da602,
        type: 3}
      propertyPath: m_textInfo.spaceCount
      value: 33
      objectReference: {fileID: 0}
    - target: {fileID: 4850935256635611592, guid: 639ca662b413cfa46af356b91f1da602,
        type: 3}
      propertyPath: m_textInfo.wordCount
      value: 31
      objectReference: {fileID: 0}
    - target: {fileID: 4850935256635611592, guid: 639ca662b413cfa46af356b91f1da602,
        type: 3}
      propertyPath: m_textInfo.lineCount
      value: 7
      objectReference: {fileID: 0}
    - target: {fileID: 4850935256635611592, guid: 639ca662b413cfa46af356b91f1da602,
        type: 3}
      propertyPath: m_textInfo.materialCount
      value: 1
      objectReference: {fileID: 0}
    - target: {fileID: 4850935256635611592, guid: 639ca662b413cfa46af356b91f1da602,
        type: 3}
      propertyPath: m_fontSize
      value: 40
      objectReference: {fileID: 0}
    - target: {fileID: 4850935256635611592, guid: 639ca662b413cfa46af356b91f1da602,
        type: 3}
      propertyPath: m_fontSizeBase
      value: 40
      objectReference: {fileID: 0}
    - target: {fileID: 4850935256635611592, guid: 639ca662b413cfa46af356b91f1da602,
        type: 3}
      propertyPath: m_textAlignment
      value: 258
      objectReference: {fileID: 0}
    - target: {fileID: 4850935256635611592, guid: 639ca662b413cfa46af356b91f1da602,
        type: 3}
      propertyPath: m_firstOverflowCharacterIndex
      value: -1
      objectReference: {fileID: 0}
    - target: {fileID: 4850935256635611592, guid: 639ca662b413cfa46af356b91f1da602,
        type: 3}
      propertyPath: m_fontStyle
      value: 0
      objectReference: {fileID: 0}
    - target: {fileID: 4850935256635611592, guid: 639ca662b413cfa46af356b91f1da602,
        type: 3}
      propertyPath: m_enableWordWrapping
      value: 1
      objectReference: {fileID: 0}
    - target: {fileID: 4850935256635611592, guid: 639ca662b413cfa46af356b91f1da602,
        type: 3}
      propertyPath: m_overflowMode
      value: 0
      objectReference: {fileID: 0}
    - target: {fileID: 4850935256635611592, guid: 639ca662b413cfa46af356b91f1da602,
        type: 3}
      propertyPath: m_horizontalMapping
      value: 0
      objectReference: {fileID: 0}
    - target: {fileID: 4850935256635611592, guid: 639ca662b413cfa46af356b91f1da602,
        type: 3}
      propertyPath: m_verticalMapping
      value: 0
      objectReference: {fileID: 0}
    - target: {fileID: 4850935256635611592, guid: 639ca662b413cfa46af356b91f1da602,
        type: 3}
      propertyPath: m_useMaxVisibleDescender
      value: 1
      objectReference: {fileID: 0}
    - target: {fileID: 4850935256635611592, guid: 639ca662b413cfa46af356b91f1da602,
        type: 3}
      propertyPath: m_parseCtrlCharacters
      value: 1
      objectReference: {fileID: 0}
    - target: {fileID: 4850935256635611592, guid: 639ca662b413cfa46af356b91f1da602,
        type: 3}
      propertyPath: m_RaycastTarget
      value: 1
      objectReference: {fileID: 0}
    - target: {fileID: 4850935256635611592, guid: 639ca662b413cfa46af356b91f1da602,
        type: 3}
      propertyPath: m_isRichText
      value: 1
      objectReference: {fileID: 0}
    - target: {fileID: 4850935256635611592, guid: 639ca662b413cfa46af356b91f1da602,
        type: 3}
      propertyPath: m_geometrySortingOrder
      value: 0
      objectReference: {fileID: 0}
    - target: {fileID: 4850935256469827283, guid: 639ca662b413cfa46af356b91f1da602,
        type: 3}
      propertyPath: m_Material
      value: 
      objectReference: {fileID: 0}
    - target: {fileID: 4850935256469827283, guid: 639ca662b413cfa46af356b91f1da602,
        type: 3}
      propertyPath: m_sharedMaterial
      value: 
      objectReference: {fileID: 0}
    - target: {fileID: 4850935256469827283, guid: 639ca662b413cfa46af356b91f1da602,
        type: 3}
      propertyPath: m_padding
      value: 0
      objectReference: {fileID: 0}
    - target: {fileID: 4850935256469827283, guid: 639ca662b413cfa46af356b91f1da602,
        type: 3}
      propertyPath: m_RaycastTarget
      value: 1
      objectReference: {fileID: 0}
    m_RemovedComponents: []
  m_SourcePrefab: {fileID: 100100000, guid: 639ca662b413cfa46af356b91f1da602, type: 3}
--- !u!224 &935869049068929791 stripped
RectTransform:
  m_CorrespondingSourceObject: {fileID: 4850935256635611593, guid: 639ca662b413cfa46af356b91f1da602,
    type: 3}
  m_PrefabInstance: {fileID: 5741284799191341878}
  m_PrefabAsset: {fileID: 0}
