%YAML 1.1
%TAG !u! tag:unity3d.com,2011:
--- !u!1 &2309690441441139273
GameObject:
  m_ObjectHideFlags: 0
  m_CorrespondingSourceObject: {fileID: 0}
  m_PrefabInstance: {fileID: 0}
  m_PrefabAsset: {fileID: 0}
  serializedVersion: 6
  m_Component:
  - component: {fileID: 3205199636505860216}
  - component: {fileID: 2719516869058938947}
  - component: {fileID: 8736537234906663508}
  - component: {fileID: 9021240136188927790}
  m_Layer: 5
  m_Name: AnimationAide (1)
  m_TagString: Untagged
  m_Icon: {fileID: 0}
  m_NavMeshLayer: 0
  m_StaticEditorFlags: 0
  m_IsActive: 1
--- !u!224 &3205199636505860216
RectTransform:
  m_ObjectHideFlags: 0
  m_CorrespondingSourceObject: {fileID: 0}
  m_PrefabInstance: {fileID: 0}
  m_PrefabAsset: {fileID: 0}
  m_GameObject: {fileID: 2309690441441139273}
  m_LocalRotation: {x: 0, y: 0, z: 0, w: 1}
  m_LocalPosition: {x: 0, y: 0, z: 0}
  m_LocalScale: {x: 1, y: 1, z: 1}
  m_Children: []
  m_Father: {fileID: 5037175256813558142}
  m_RootOrder: 3
  m_LocalEulerAnglesHint: {x: 0, y: 0, z: 0}
  m_AnchorMin: {x: 0.5, y: 0}
  m_AnchorMax: {x: 0.5, y: 0}
  m_AnchoredPosition: {x: -196, y: 293}
  m_SizeDelta: {x: 300, y: 250}
  m_Pivot: {x: 0.5, y: 0.5}
--- !u!222 &2719516869058938947
CanvasRenderer:
  m_ObjectHideFlags: 0
  m_CorrespondingSourceObject: {fileID: 0}
  m_PrefabInstance: {fileID: 0}
  m_PrefabAsset: {fileID: 0}
  m_GameObject: {fileID: 2309690441441139273}
  m_CullTransparentMesh: 0
--- !u!114 &8736537234906663508
MonoBehaviour:
  m_ObjectHideFlags: 0
  m_CorrespondingSourceObject: {fileID: 0}
  m_PrefabInstance: {fileID: 0}
  m_PrefabAsset: {fileID: 0}
  m_GameObject: {fileID: 2309690441441139273}
  m_Enabled: 1
  m_EditorHideFlags: 0
  m_Script: {fileID: -765806418, guid: f70555f144d8491a825f0804e09c671c, type: 3}
  m_Name: 
  m_EditorClassIdentifier: 
  m_Material: {fileID: 0}
  m_Color: {r: 1, g: 1, b: 1, a: 1}
  m_RaycastTarget: 1
  m_OnCullStateChanged:
    m_PersistentCalls:
      m_Calls: []
    m_TypeName: UnityEngine.UI.MaskableGraphic+CullStateChangedEvent, UnityEngine.UI,
      Version=1.0.0.0, Culture=neutral, PublicKeyToken=null
  m_Sprite: {fileID: 21300000, guid: f39b8f0956562094b80ac001d13ab817, type: 3}
  m_Type: 0
  m_PreserveAspect: 1
  m_FillCenter: 1
  m_FillMethod: 4
  m_FillAmount: 1
  m_FillClockwise: 1
  m_FillOrigin: 0
  m_UseSpriteMesh: 0
--- !u!95 &9021240136188927790
Animator:
  serializedVersion: 3
  m_ObjectHideFlags: 0
  m_CorrespondingSourceObject: {fileID: 0}
  m_PrefabInstance: {fileID: 0}
  m_PrefabAsset: {fileID: 0}
  m_GameObject: {fileID: 2309690441441139273}
  m_Enabled: 1
  m_Avatar: {fileID: 0}
  m_Controller: {fileID: 22100000, guid: a9666e630598031489d767e8fb37e586, type: 2}
  m_CullingMode: 0
  m_UpdateMode: 0
  m_ApplyRootMotion: 0
  m_LinearVelocityBlending: 0
  m_WarningMessage: 
  m_HasTransformHierarchy: 1
  m_AllowConstantClipSamplingOptimization: 1
  m_KeepAnimatorControllerStateOnDisable: 0
--- !u!1001 &1960332556064025579
PrefabInstance:
  m_ObjectHideFlags: 0
  serializedVersion: 2
  m_Modification:
    m_TransformParent: {fileID: 0}
    m_Modifications:
    - target: {fileID: 6832844813601485482, guid: 19117b2e79b3d8d4eb2b864127712f96,
        type: 3}
      propertyPath: m_Name
      value: helpPageHPC
      objectReference: {fileID: 0}
    - target: {fileID: 6832844813601485461, guid: 19117b2e79b3d8d4eb2b864127712f96,
        type: 3}
      propertyPath: m_LocalPosition.x
      value: 0
      objectReference: {fileID: 0}
    - target: {fileID: 6832844813601485461, guid: 19117b2e79b3d8d4eb2b864127712f96,
        type: 3}
      propertyPath: m_LocalPosition.y
      value: 0
      objectReference: {fileID: 0}
    - target: {fileID: 6832844813601485461, guid: 19117b2e79b3d8d4eb2b864127712f96,
        type: 3}
      propertyPath: m_LocalPosition.z
      value: 0
      objectReference: {fileID: 0}
    - target: {fileID: 6832844813601485461, guid: 19117b2e79b3d8d4eb2b864127712f96,
        type: 3}
      propertyPath: m_LocalRotation.x
      value: 0
      objectReference: {fileID: 0}
    - target: {fileID: 6832844813601485461, guid: 19117b2e79b3d8d4eb2b864127712f96,
        type: 3}
      propertyPath: m_LocalRotation.y
      value: 0
      objectReference: {fileID: 0}
    - target: {fileID: 6832844813601485461, guid: 19117b2e79b3d8d4eb2b864127712f96,
        type: 3}
      propertyPath: m_LocalRotation.z
      value: 0
      objectReference: {fileID: 0}
    - target: {fileID: 6832844813601485461, guid: 19117b2e79b3d8d4eb2b864127712f96,
        type: 3}
      propertyPath: m_LocalRotation.w
      value: 1
      objectReference: {fileID: 0}
    - target: {fileID: 6832844813601485461, guid: 19117b2e79b3d8d4eb2b864127712f96,
        type: 3}
      propertyPath: m_RootOrder
      value: 0
      objectReference: {fileID: 0}
    - target: {fileID: 6832844813601485461, guid: 19117b2e79b3d8d4eb2b864127712f96,
        type: 3}
      propertyPath: m_LocalEulerAnglesHint.x
      value: 0
      objectReference: {fileID: 0}
    - target: {fileID: 6832844813601485461, guid: 19117b2e79b3d8d4eb2b864127712f96,
        type: 3}
      propertyPath: m_LocalEulerAnglesHint.y
      value: 0
      objectReference: {fileID: 0}
    - target: {fileID: 6832844813601485461, guid: 19117b2e79b3d8d4eb2b864127712f96,
        type: 3}
      propertyPath: m_LocalEulerAnglesHint.z
      value: 0
      objectReference: {fileID: 0}
    - target: {fileID: 6832844813601485461, guid: 19117b2e79b3d8d4eb2b864127712f96,
        type: 3}
      propertyPath: m_AnchoredPosition.x
      value: 0
      objectReference: {fileID: 0}
    - target: {fileID: 6832844813601485461, guid: 19117b2e79b3d8d4eb2b864127712f96,
        type: 3}
      propertyPath: m_AnchoredPosition.y
      value: 0
      objectReference: {fileID: 0}
    - target: {fileID: 6832844813601485461, guid: 19117b2e79b3d8d4eb2b864127712f96,
        type: 3}
      propertyPath: m_SizeDelta.x
      value: -480
      objectReference: {fileID: 0}
    - target: {fileID: 6832844813601485461, guid: 19117b2e79b3d8d4eb2b864127712f96,
        type: 3}
      propertyPath: m_SizeDelta.y
      value: -22
      objectReference: {fileID: 0}
    - target: {fileID: 6832844813601485461, guid: 19117b2e79b3d8d4eb2b864127712f96,
        type: 3}
      propertyPath: m_AnchorMin.x
      value: 0
      objectReference: {fileID: 0}
    - target: {fileID: 6832844813601485461, guid: 19117b2e79b3d8d4eb2b864127712f96,
        type: 3}
      propertyPath: m_AnchorMin.y
      value: 0
      objectReference: {fileID: 0}
    - target: {fileID: 6832844813601485461, guid: 19117b2e79b3d8d4eb2b864127712f96,
        type: 3}
      propertyPath: m_AnchorMax.x
      value: 1
      objectReference: {fileID: 0}
    - target: {fileID: 6832844813601485461, guid: 19117b2e79b3d8d4eb2b864127712f96,
        type: 3}
      propertyPath: m_AnchorMax.y
      value: 1
      objectReference: {fileID: 0}
    - target: {fileID: 6832844813601485461, guid: 19117b2e79b3d8d4eb2b864127712f96,
        type: 3}
      propertyPath: m_Pivot.x
      value: 0.5
      objectReference: {fileID: 0}
    - target: {fileID: 6832844813601485461, guid: 19117b2e79b3d8d4eb2b864127712f96,
        type: 3}
      propertyPath: m_Pivot.y
      value: 0.5
      objectReference: {fileID: 0}
    - target: {fileID: 9046318978948419159, guid: 19117b2e79b3d8d4eb2b864127712f96,
        type: 3}
      propertyPath: m_AnchoredPosition.y
      value: 381
      objectReference: {fileID: 0}
    - target: {fileID: 9046318978948419159, guid: 19117b2e79b3d8d4eb2b864127712f96,
        type: 3}
      propertyPath: m_AnchoredPosition.x
      value: 0.5
      objectReference: {fileID: 0}
    - target: {fileID: 2418009516016972667, guid: 19117b2e79b3d8d4eb2b864127712f96,
        type: 3}
      propertyPath: m_AnchoredPosition.x
      value: 196.5
      objectReference: {fileID: 0}
    - target: {fileID: 2418009516016972667, guid: 19117b2e79b3d8d4eb2b864127712f96,
        type: 3}
      propertyPath: m_AnchoredPosition.y
      value: 293
      objectReference: {fileID: 0}
    - target: {fileID: 2500439582420700426, guid: 19117b2e79b3d8d4eb2b864127712f96,
        type: 3}
      propertyPath: m_AnchoredPosition.y
      value: -51
      objectReference: {fileID: 0}
    - target: {fileID: 9046318978948419158, guid: 19117b2e79b3d8d4eb2b864127712f96,
        type: 3}
      propertyPath: m_text
      value: "\nHow To Use Cards\r"
      objectReference: {fileID: 0}
    - target: {fileID: 9046318978948419158, guid: 19117b2e79b3d8d4eb2b864127712f96,
        type: 3}
      propertyPath: m_havePropertiesChanged
      value: 0
      objectReference: {fileID: 0}
    - target: {fileID: 9046318978948419158, guid: 19117b2e79b3d8d4eb2b864127712f96,
        type: 3}
      propertyPath: m_isInputParsingRequired
      value: 0
      objectReference: {fileID: 0}
    - target: {fileID: 9046318978948419158, guid: 19117b2e79b3d8d4eb2b864127712f96,
        type: 3}
      propertyPath: m_textInfo.characterCount
      value: 18
      objectReference: {fileID: 0}
    - target: {fileID: 9046318978948419158, guid: 19117b2e79b3d8d4eb2b864127712f96,
        type: 3}
      propertyPath: m_textInfo.lineCount
      value: 2
      objectReference: {fileID: 0}
    - target: {fileID: 9046318978948419158, guid: 19117b2e79b3d8d4eb2b864127712f96,
        type: 3}
      propertyPath: m_textInfo.spaceCount
      value: 4
      objectReference: {fileID: 0}
    - target: {fileID: 9046318978948419158, guid: 19117b2e79b3d8d4eb2b864127712f96,
        type: 3}
      propertyPath: m_textInfo.wordCount
      value: 5
      objectReference: {fileID: 0}
    - target: {fileID: 4273998794263647932, guid: 19117b2e79b3d8d4eb2b864127712f96,
        type: 3}
      propertyPath: m_Controller
      value: 
      objectReference: {fileID: 22100000, guid: e7de67e8e1cdda5489f90f49acc716e8,
        type: 2}
    - target: {fileID: 2500439582420700427, guid: 19117b2e79b3d8d4eb2b864127712f96,
        type: 3}
      propertyPath: m_text
      value: " The game begins, everybody shuffles their cards and then draw four.\r\n\n
        During a Round, you can either play all your cards or keep some in your hand
        for the \rnext turn by pressing \"End Turn\".\r\n\nWhen every player's turn
        is over, draw new cards until you have four in your hand.\r\n\n Finally, press
        \"Ready\" to start a new Round. When there is a change of map,\r\nevery player
        shuffles their cards and then draw four, like at the beginning of\r\nthe game.\r"
      objectReference: {fileID: 0}
    - target: {fileID: 2500439582420700427, guid: 19117b2e79b3d8d4eb2b864127712f96,
        type: 3}
      propertyPath: m_havePropertiesChanged
      value: 0
      objectReference: {fileID: 0}
    - target: {fileID: 2500439582420700427, guid: 19117b2e79b3d8d4eb2b864127712f96,
        type: 3}
      propertyPath: m_isInputParsingRequired
      value: 0
      objectReference: {fileID: 0}
    - target: {fileID: 2500439582420700427, guid: 19117b2e79b3d8d4eb2b864127712f96,
        type: 3}
      propertyPath: m_textInfo.characterCount
      value: 447
      objectReference: {fileID: 0}
    - target: {fileID: 2500439582420700427, guid: 19117b2e79b3d8d4eb2b864127712f96,
        type: 3}
      propertyPath: m_textInfo.spaceCount
      value: 87
      objectReference: {fileID: 0}
    - target: {fileID: 2500439582420700427, guid: 19117b2e79b3d8d4eb2b864127712f96,
        type: 3}
      propertyPath: m_textInfo.wordCount
      value: 83
      objectReference: {fileID: 0}
    - target: {fileID: 2500439582420700427, guid: 19117b2e79b3d8d4eb2b864127712f96,
        type: 3}
      propertyPath: m_textInfo.lineCount
      value: 14
      objectReference: {fileID: 0}
    - target: {fileID: 2500439582420700427, guid: 19117b2e79b3d8d4eb2b864127712f96,
        type: 3}
      propertyPath: m_textInfo.pageCount
      value: 1
      objectReference: {fileID: 0}
    - target: {fileID: 2500439582420700427, guid: 19117b2e79b3d8d4eb2b864127712f96,
        type: 3}
      propertyPath: m_margin.w
      value: 257.8144
      objectReference: {fileID: 0}
    - target: {fileID: 2500439582420700427, guid: 19117b2e79b3d8d4eb2b864127712f96,
        type: 3}
      propertyPath: m_fontSize
      value: 30
      objectReference: {fileID: 0}
    - target: {fileID: 2500439582420700427, guid: 19117b2e79b3d8d4eb2b864127712f96,
        type: 3}
      propertyPath: m_fontSizeBase
      value: 30
      objectReference: {fileID: 0}
    - target: {fileID: 575810402577431359, guid: 19117b2e79b3d8d4eb2b864127712f96,
        type: 3}
      propertyPath: m_Sprite
      value: 
      objectReference: {fileID: 21300000, guid: b1da50c7a2db1fd43ae6fb7699c7254e,
        type: 3}
    m_RemovedComponents: []
  m_SourcePrefab: {fileID: 100100000, guid: 19117b2e79b3d8d4eb2b864127712f96, type: 3}
--- !u!224 &5037175256813558142 stripped
RectTransform:
  m_CorrespondingSourceObject: {fileID: 6832844813601485461, guid: 19117b2e79b3d8d4eb2b864127712f96,
    type: 3}
  m_PrefabInstance: {fileID: 1960332556064025579}
  m_PrefabAsset: {fileID: 0}
