%YAML 1.1
%TAG !u! tag:unity3d.com,2011:
--- !u!1 &393016282102785933
GameObject:
  m_ObjectHideFlags: 0
  m_CorrespondingSourceObject: {fileID: 0}
  m_PrefabInstance: {fileID: 0}
  m_PrefabAsset: {fileID: 0}
  serializedVersion: 6
  m_Component:
  - component: {fileID: 2524641836503242641}
  - component: {fileID: 7980173057471006024}
  - component: {fileID: 1833471567728062733}
  m_Layer: 8
  m_Name: Image
  m_TagString: Untagged
  m_Icon: {fileID: 0}
  m_NavMeshLayer: 0
  m_StaticEditorFlags: 0
  m_IsActive: 0
--- !u!224 &2524641836503242641
RectTransform:
  m_ObjectHideFlags: 0
  m_CorrespondingSourceObject: {fileID: 0}
  m_PrefabInstance: {fileID: 0}
  m_PrefabAsset: {fileID: 0}
  m_GameObject: {fileID: 393016282102785933}
  m_LocalRotation: {x: 0, y: 0, z: 0, w: 1}
  m_LocalPosition: {x: 0, y: 0, z: 0}
  m_LocalScale: {x: 1, y: 1, z: 1}
  m_Children:
  - {fileID: 5855309749426213837}
  m_Father: {fileID: 6549732818907893842}
  m_RootOrder: 0
  m_LocalEulerAnglesHint: {x: 0, y: 0, z: 0}
  m_AnchorMin: {x: 0.5, y: 0.5}
  m_AnchorMax: {x: 0.5, y: 0.5}
  m_AnchoredPosition: {x: 284.6, y: -419.5}
  m_SizeDelta: {x: 36.96, y: 36.96}
  m_Pivot: {x: 0.5, y: 0.5}
--- !u!222 &7980173057471006024
CanvasRenderer:
  m_ObjectHideFlags: 0
  m_CorrespondingSourceObject: {fileID: 0}
  m_PrefabInstance: {fileID: 0}
  m_PrefabAsset: {fileID: 0}
  m_GameObject: {fileID: 393016282102785933}
  m_CullTransparentMesh: 0
--- !u!114 &1833471567728062733
MonoBehaviour:
  m_ObjectHideFlags: 0
  m_CorrespondingSourceObject: {fileID: 0}
  m_PrefabInstance: {fileID: 0}
  m_PrefabAsset: {fileID: 0}
  m_GameObject: {fileID: 393016282102785933}
  m_Enabled: 1
  m_EditorHideFlags: 0
  m_Script: {fileID: -765806418, guid: f70555f144d8491a825f0804e09c671c, type: 3}
  m_Name: 
  m_EditorClassIdentifier: 
  m_Material: {fileID: 0}
  m_Color: {r: 0.9747988, g: 1, b: 0, a: 1}
  m_RaycastTarget: 1
  m_OnCullStateChanged:
    m_PersistentCalls:
      m_Calls: []
    m_TypeName: UnityEngine.UI.MaskableGraphic+CullStateChangedEvent, UnityEngine.UI,
      Version=1.0.0.0, Culture=neutral, PublicKeyToken=null
  m_Sprite: {fileID: 10913, guid: 0000000000000000f000000000000000, type: 0}
  m_Type: 0
  m_PreserveAspect: 0
  m_FillCenter: 1
  m_FillMethod: 4
  m_FillAmount: 1
  m_FillClockwise: 1
  m_FillOrigin: 0
  m_UseSpriteMesh: 0
--- !u!114 &742725696
MonoBehaviour:
  m_ObjectHideFlags: 0
  m_CorrespondingSourceObject: {fileID: 0}
  m_PrefabInstance: {fileID: 0}
  m_PrefabAsset: {fileID: 0}
  m_GameObject: {fileID: 873395558088008414}
  m_Enabled: 1
  m_EditorHideFlags: 0
  m_Script: {fileID: 11500000, guid: 2e8f295667a61394ebf308f23a73d1d5, type: 3}
  m_Name: 
  m_EditorClassIdentifier: 
  playerBehavior: {fileID: 0}
  angle: -90
--- !u!1 &1156870551747387554
GameObject:
  m_ObjectHideFlags: 0
  m_CorrespondingSourceObject: {fileID: 0}
  m_PrefabInstance: {fileID: 0}
  m_PrefabAsset: {fileID: 0}
  serializedVersion: 6
  m_Component:
  - component: {fileID: 5251596025444777739}
  - component: {fileID: 3471723051228555631}
  - component: {fileID: 6374765795813842645}
  m_Layer: 8
  m_Name: Image (2)
  m_TagString: Untagged
  m_Icon: {fileID: 0}
  m_NavMeshLayer: 0
  m_StaticEditorFlags: 0
  m_IsActive: 0
--- !u!224 &5251596025444777739
RectTransform:
  m_ObjectHideFlags: 0
  m_CorrespondingSourceObject: {fileID: 0}
  m_PrefabInstance: {fileID: 0}
  m_PrefabAsset: {fileID: 0}
  m_GameObject: {fileID: 1156870551747387554}
  m_LocalRotation: {x: 0, y: 0, z: 0, w: 1}
  m_LocalPosition: {x: 0, y: 0, z: 0}
  m_LocalScale: {x: 1, y: 1, z: 1}
  m_Children:
  - {fileID: 4940295147352598512}
  m_Father: {fileID: 6549732818907893842}
  m_RootOrder: 2
  m_LocalEulerAnglesHint: {x: 0, y: 0, z: 0}
  m_AnchorMin: {x: 0.5, y: 0.5}
  m_AnchorMax: {x: 0.5, y: 0.5}
  m_AnchoredPosition: {x: 396.1, y: -420.3}
  m_SizeDelta: {x: 36.96, y: 36.96}
  m_Pivot: {x: 0.5, y: 0.5}
--- !u!222 &3471723051228555631
CanvasRenderer:
  m_ObjectHideFlags: 0
  m_CorrespondingSourceObject: {fileID: 0}
  m_PrefabInstance: {fileID: 0}
  m_PrefabAsset: {fileID: 0}
  m_GameObject: {fileID: 1156870551747387554}
  m_CullTransparentMesh: 0
--- !u!114 &6374765795813842645
MonoBehaviour:
  m_ObjectHideFlags: 0
  m_CorrespondingSourceObject: {fileID: 0}
  m_PrefabInstance: {fileID: 0}
  m_PrefabAsset: {fileID: 0}
  m_GameObject: {fileID: 1156870551747387554}
  m_Enabled: 1
  m_EditorHideFlags: 0
  m_Script: {fileID: -765806418, guid: f70555f144d8491a825f0804e09c671c, type: 3}
  m_Name: 
  m_EditorClassIdentifier: 
  m_Material: {fileID: 0}
  m_Color: {r: 0.9747988, g: 1, b: 0, a: 1}
  m_RaycastTarget: 1
  m_OnCullStateChanged:
    m_PersistentCalls:
      m_Calls: []
    m_TypeName: UnityEngine.UI.MaskableGraphic+CullStateChangedEvent, UnityEngine.UI,
      Version=1.0.0.0, Culture=neutral, PublicKeyToken=null
  m_Sprite: {fileID: 10913, guid: 0000000000000000f000000000000000, type: 0}
  m_Type: 0
  m_PreserveAspect: 0
  m_FillCenter: 1
  m_FillMethod: 4
  m_FillAmount: 1
  m_FillClockwise: 1
  m_FillOrigin: 0
  m_UseSpriteMesh: 0
--- !u!1 &1946731534204427365
GameObject:
  m_ObjectHideFlags: 0
  m_CorrespondingSourceObject: {fileID: 0}
  m_PrefabInstance: {fileID: 0}
  m_PrefabAsset: {fileID: 0}
  serializedVersion: 6
  m_Component:
  - component: {fileID: 5841449109140996059}
  - component: {fileID: 5264879119294679961}
  - component: {fileID: 5498973348999481686}
  m_Layer: 8
  m_Name: GameObject
  m_TagString: Untagged
  m_Icon: {fileID: 0}
  m_NavMeshLayer: 0
  m_StaticEditorFlags: 0
  m_IsActive: 1
--- !u!224 &5841449109140996059
RectTransform:
  m_ObjectHideFlags: 0
  m_CorrespondingSourceObject: {fileID: 0}
  m_PrefabInstance: {fileID: 0}
  m_PrefabAsset: {fileID: 0}
  m_GameObject: {fileID: 1946731534204427365}
  m_LocalRotation: {x: 0, y: 0, z: 0, w: 1}
  m_LocalPosition: {x: 0, y: 0, z: 0}
  m_LocalScale: {x: 1, y: 1, z: 1}
  m_Children: []
  m_Father: {fileID: 2040966439702657788}
  m_RootOrder: 0
  m_LocalEulerAnglesHint: {x: 0, y: 0, z: 0}
  m_AnchorMin: {x: 0, y: 0}
  m_AnchorMax: {x: 1, y: 1}
  m_AnchoredPosition: {x: 0, y: 0}
  m_SizeDelta: {x: 0, y: 0}
  m_Pivot: {x: 0.5, y: 0.5}
--- !u!222 &5264879119294679961
CanvasRenderer:
  m_ObjectHideFlags: 0
  m_CorrespondingSourceObject: {fileID: 0}
  m_PrefabInstance: {fileID: 0}
  m_PrefabAsset: {fileID: 0}
  m_GameObject: {fileID: 1946731534204427365}
  m_CullTransparentMesh: 0
--- !u!114 &5498973348999481686
MonoBehaviour:
  m_ObjectHideFlags: 0
  m_CorrespondingSourceObject: {fileID: 0}
  m_PrefabInstance: {fileID: 0}
  m_PrefabAsset: {fileID: 0}
  m_GameObject: {fileID: 1946731534204427365}
  m_Enabled: 1
  m_EditorHideFlags: 0
  m_Script: {fileID: 708705254, guid: f70555f144d8491a825f0804e09c671c, type: 3}
  m_Name: 
  m_EditorClassIdentifier: 
  m_Material: {fileID: 0}
  m_Color: {r: 0, g: 0, b: 0, a: 1}
  m_RaycastTarget: 1
  m_OnCullStateChanged:
    m_PersistentCalls:
      m_Calls: []
    m_TypeName: UnityEngine.UI.MaskableGraphic+CullStateChangedEvent, UnityEngine.UI,
      Version=1.0.0.0, Culture=neutral, PublicKeyToken=null
  m_FontData:
    m_Font: {fileID: 12800000, guid: 559decf630881014a846f29b69c81005, type: 3}
    m_FontSize: 20
    m_FontStyle: 0
    m_BestFit: 0
    m_MinSize: 2
    m_MaxSize: 40
    m_Alignment: 4
    m_AlignByGeometry: 0
    m_RichText: 1
    m_HorizontalOverflow: 1
    m_VerticalOverflow: 1
    m_LineSpacing: 1
  m_Text: lol
--- !u!1 &2407447354587264462
GameObject:
  m_ObjectHideFlags: 0
  m_CorrespondingSourceObject: {fileID: 0}
  m_PrefabInstance: {fileID: 0}
  m_PrefabAsset: {fileID: 0}
  serializedVersion: 6
  m_Component:
  - component: {fileID: 4940295147352598512}
  - component: {fileID: 1856332471787441343}
  - component: {fileID: 178879702155330492}
  m_Layer: 8
  m_Name: GameObject
  m_TagString: Untagged
  m_Icon: {fileID: 0}
  m_NavMeshLayer: 0
  m_StaticEditorFlags: 0
  m_IsActive: 1
--- !u!224 &4940295147352598512
RectTransform:
  m_ObjectHideFlags: 0
  m_CorrespondingSourceObject: {fileID: 0}
  m_PrefabInstance: {fileID: 0}
  m_PrefabAsset: {fileID: 0}
  m_GameObject: {fileID: 2407447354587264462}
  m_LocalRotation: {x: 0, y: 0, z: 0, w: 1}
  m_LocalPosition: {x: 0, y: 0, z: 0}
  m_LocalScale: {x: 1, y: 1, z: 1}
  m_Children: []
  m_Father: {fileID: 5251596025444777739}
  m_RootOrder: 0
  m_LocalEulerAnglesHint: {x: 0, y: 0, z: 0}
  m_AnchorMin: {x: 0, y: 0}
  m_AnchorMax: {x: 1, y: 1}
  m_AnchoredPosition: {x: 0, y: 0}
  m_SizeDelta: {x: 0, y: 0}
  m_Pivot: {x: 0.5, y: 0.5}
--- !u!222 &1856332471787441343
CanvasRenderer:
  m_ObjectHideFlags: 0
  m_CorrespondingSourceObject: {fileID: 0}
  m_PrefabInstance: {fileID: 0}
  m_PrefabAsset: {fileID: 0}
  m_GameObject: {fileID: 2407447354587264462}
  m_CullTransparentMesh: 0
--- !u!114 &178879702155330492
MonoBehaviour:
  m_ObjectHideFlags: 0
  m_CorrespondingSourceObject: {fileID: 0}
  m_PrefabInstance: {fileID: 0}
  m_PrefabAsset: {fileID: 0}
  m_GameObject: {fileID: 2407447354587264462}
  m_Enabled: 1
  m_EditorHideFlags: 0
  m_Script: {fileID: 708705254, guid: f70555f144d8491a825f0804e09c671c, type: 3}
  m_Name: 
  m_EditorClassIdentifier: 
  m_Material: {fileID: 0}
  m_Color: {r: 0, g: 0, b: 0, a: 1}
  m_RaycastTarget: 1
  m_OnCullStateChanged:
    m_PersistentCalls:
      m_Calls: []
    m_TypeName: UnityEngine.UI.MaskableGraphic+CullStateChangedEvent, UnityEngine.UI,
      Version=1.0.0.0, Culture=neutral, PublicKeyToken=null
  m_FontData:
    m_Font: {fileID: 12800000, guid: 559decf630881014a846f29b69c81005, type: 3}
    m_FontSize: 20
    m_FontStyle: 0
    m_BestFit: 0
    m_MinSize: 2
    m_MaxSize: 40
    m_Alignment: 4
    m_AlignByGeometry: 0
    m_RichText: 1
    m_HorizontalOverflow: 1
    m_VerticalOverflow: 1
    m_LineSpacing: 1
  m_Text: lol
--- !u!1 &2933686395643991520
GameObject:
  m_ObjectHideFlags: 0
  m_CorrespondingSourceObject: {fileID: 0}
  m_PrefabInstance: {fileID: 0}
  m_PrefabAsset: {fileID: 0}
  serializedVersion: 6
  m_Component:
  - component: {fileID: 5855309749426213837}
  - component: {fileID: 6639933882097547358}
  - component: {fileID: 6226846654027851057}
  m_Layer: 8
  m_Name: GameObject
  m_TagString: Untagged
  m_Icon: {fileID: 0}
  m_NavMeshLayer: 0
  m_StaticEditorFlags: 0
  m_IsActive: 1
--- !u!224 &5855309749426213837
RectTransform:
  m_ObjectHideFlags: 0
  m_CorrespondingSourceObject: {fileID: 0}
  m_PrefabInstance: {fileID: 0}
  m_PrefabAsset: {fileID: 0}
  m_GameObject: {fileID: 2933686395643991520}
  m_LocalRotation: {x: 0, y: 0, z: 0, w: 1}
  m_LocalPosition: {x: 0, y: 0, z: 0}
  m_LocalScale: {x: 1, y: 1, z: 1}
  m_Children: []
  m_Father: {fileID: 2524641836503242641}
  m_RootOrder: 0
  m_LocalEulerAnglesHint: {x: 0, y: 0, z: 0}
  m_AnchorMin: {x: 0, y: 0}
  m_AnchorMax: {x: 1, y: 1}
  m_AnchoredPosition: {x: 0, y: 0}
  m_SizeDelta: {x: 0, y: 0}
  m_Pivot: {x: 0.5, y: 0.5}
--- !u!222 &6639933882097547358
CanvasRenderer:
  m_ObjectHideFlags: 0
  m_CorrespondingSourceObject: {fileID: 0}
  m_PrefabInstance: {fileID: 0}
  m_PrefabAsset: {fileID: 0}
  m_GameObject: {fileID: 2933686395643991520}
  m_CullTransparentMesh: 0
--- !u!114 &6226846654027851057
MonoBehaviour:
  m_ObjectHideFlags: 0
  m_CorrespondingSourceObject: {fileID: 0}
  m_PrefabInstance: {fileID: 0}
  m_PrefabAsset: {fileID: 0}
  m_GameObject: {fileID: 2933686395643991520}
  m_Enabled: 1
  m_EditorHideFlags: 0
  m_Script: {fileID: 708705254, guid: f70555f144d8491a825f0804e09c671c, type: 3}
  m_Name: 
  m_EditorClassIdentifier: 
  m_Material: {fileID: 0}
  m_Color: {r: 0, g: 0, b: 0, a: 1}
  m_RaycastTarget: 1
  m_OnCullStateChanged:
    m_PersistentCalls:
      m_Calls: []
    m_TypeName: UnityEngine.UI.MaskableGraphic+CullStateChangedEvent, UnityEngine.UI,
      Version=1.0.0.0, Culture=neutral, PublicKeyToken=null
  m_FontData:
    m_Font: {fileID: 12800000, guid: 559decf630881014a846f29b69c81005, type: 3}
    m_FontSize: 20
    m_FontStyle: 0
    m_BestFit: 0
    m_MinSize: 2
    m_MaxSize: 40
    m_Alignment: 4
    m_AlignByGeometry: 0
    m_RichText: 1
    m_HorizontalOverflow: 1
    m_VerticalOverflow: 1
    m_LineSpacing: 1
  m_Text: lol
--- !u!1 &3239118395176304814
GameObject:
  m_ObjectHideFlags: 0
  m_CorrespondingSourceObject: {fileID: 0}
  m_PrefabInstance: {fileID: 0}
  m_PrefabAsset: {fileID: 0}
  serializedVersion: 6
  m_Component:
  - component: {fileID: 2406521797520003373}
  - component: {fileID: 2621131323435674271}
  - component: {fileID: 3393263425373197485}
  m_Layer: 8
  m_Name: Image (3)
  m_TagString: Untagged
  m_Icon: {fileID: 0}
  m_NavMeshLayer: 0
  m_StaticEditorFlags: 0
  m_IsActive: 0
--- !u!224 &2406521797520003373
RectTransform:
  m_ObjectHideFlags: 0
  m_CorrespondingSourceObject: {fileID: 0}
  m_PrefabInstance: {fileID: 0}
  m_PrefabAsset: {fileID: 0}
  m_GameObject: {fileID: 3239118395176304814}
  m_LocalRotation: {x: 0, y: 0, z: 0, w: 1}
  m_LocalPosition: {x: 0, y: 0, z: 0}
  m_LocalScale: {x: 1, y: 1, z: 1}
  m_Children:
  - {fileID: 4222940754012162431}
  m_Father: {fileID: 6549732818907893842}
  m_RootOrder: 3
  m_LocalEulerAnglesHint: {x: 0, y: 0, z: 0}
  m_AnchorMin: {x: 0.5, y: 0.5}
  m_AnchorMax: {x: 0.5, y: 0.5}
  m_AnchoredPosition: {x: 449.7, y: -420.3}
  m_SizeDelta: {x: 36.96, y: 36.96}
  m_Pivot: {x: 0.5, y: 0.5}
--- !u!222 &2621131323435674271
CanvasRenderer:
  m_ObjectHideFlags: 0
  m_CorrespondingSourceObject: {fileID: 0}
  m_PrefabInstance: {fileID: 0}
  m_PrefabAsset: {fileID: 0}
  m_GameObject: {fileID: 3239118395176304814}
  m_CullTransparentMesh: 0
--- !u!114 &3393263425373197485
MonoBehaviour:
  m_ObjectHideFlags: 0
  m_CorrespondingSourceObject: {fileID: 0}
  m_PrefabInstance: {fileID: 0}
  m_PrefabAsset: {fileID: 0}
  m_GameObject: {fileID: 3239118395176304814}
  m_Enabled: 1
  m_EditorHideFlags: 0
  m_Script: {fileID: -765806418, guid: f70555f144d8491a825f0804e09c671c, type: 3}
  m_Name: 
  m_EditorClassIdentifier: 
  m_Material: {fileID: 0}
  m_Color: {r: 0.9747988, g: 1, b: 0, a: 1}
  m_RaycastTarget: 1
  m_OnCullStateChanged:
    m_PersistentCalls:
      m_Calls: []
    m_TypeName: UnityEngine.UI.MaskableGraphic+CullStateChangedEvent, UnityEngine.UI,
      Version=1.0.0.0, Culture=neutral, PublicKeyToken=null
  m_Sprite: {fileID: 10913, guid: 0000000000000000f000000000000000, type: 0}
  m_Type: 0
  m_PreserveAspect: 0
  m_FillCenter: 1
  m_FillMethod: 4
  m_FillAmount: 1
  m_FillClockwise: 1
  m_FillOrigin: 0
  m_UseSpriteMesh: 0
--- !u!1 &3574035505809340643
GameObject:
  m_ObjectHideFlags: 0
  m_CorrespondingSourceObject: {fileID: 0}
  m_PrefabInstance: {fileID: 0}
  m_PrefabAsset: {fileID: 0}
  serializedVersion: 6
  m_Component:
  - component: {fileID: 2040966439702657788}
  - component: {fileID: 3003502268339982736}
  - component: {fileID: 5864875590881678860}
  m_Layer: 8
  m_Name: Image (1)
  m_TagString: Untagged
  m_Icon: {fileID: 0}
  m_NavMeshLayer: 0
  m_StaticEditorFlags: 0
  m_IsActive: 0
--- !u!224 &2040966439702657788
RectTransform:
  m_ObjectHideFlags: 0
  m_CorrespondingSourceObject: {fileID: 0}
  m_PrefabInstance: {fileID: 0}
  m_PrefabAsset: {fileID: 0}
  m_GameObject: {fileID: 3574035505809340643}
  m_LocalRotation: {x: 0, y: 0, z: 0, w: 1}
  m_LocalPosition: {x: 0, y: 0, z: 0}
  m_LocalScale: {x: 1, y: 1, z: 1}
  m_Children:
  - {fileID: 5841449109140996059}
  m_Father: {fileID: 6549732818907893842}
  m_RootOrder: 1
  m_LocalEulerAnglesHint: {x: 0, y: 0, z: 0}
  m_AnchorMin: {x: 0.5, y: 0.5}
  m_AnchorMax: {x: 0.5, y: 0.5}
  m_AnchoredPosition: {x: 340, y: -421.6}
  m_SizeDelta: {x: 36.96, y: 36.96}
  m_Pivot: {x: 0.5, y: 0.5}
--- !u!222 &3003502268339982736
CanvasRenderer:
  m_ObjectHideFlags: 0
  m_CorrespondingSourceObject: {fileID: 0}
  m_PrefabInstance: {fileID: 0}
  m_PrefabAsset: {fileID: 0}
  m_GameObject: {fileID: 3574035505809340643}
  m_CullTransparentMesh: 0
--- !u!114 &5864875590881678860
MonoBehaviour:
  m_ObjectHideFlags: 0
  m_CorrespondingSourceObject: {fileID: 0}
  m_PrefabInstance: {fileID: 0}
  m_PrefabAsset: {fileID: 0}
  m_GameObject: {fileID: 3574035505809340643}
  m_Enabled: 1
  m_EditorHideFlags: 0
  m_Script: {fileID: -765806418, guid: f70555f144d8491a825f0804e09c671c, type: 3}
  m_Name: 
  m_EditorClassIdentifier: 
  m_Material: {fileID: 0}
  m_Color: {r: 0.9747988, g: 1, b: 0, a: 1}
  m_RaycastTarget: 1
  m_OnCullStateChanged:
    m_PersistentCalls:
      m_Calls: []
    m_TypeName: UnityEngine.UI.MaskableGraphic+CullStateChangedEvent, UnityEngine.UI,
      Version=1.0.0.0, Culture=neutral, PublicKeyToken=null
  m_Sprite: {fileID: 10913, guid: 0000000000000000f000000000000000, type: 0}
  m_Type: 0
  m_PreserveAspect: 0
  m_FillCenter: 1
  m_FillMethod: 4
  m_FillAmount: 1
  m_FillClockwise: 1
  m_FillOrigin: 0
  m_UseSpriteMesh: 0
--- !u!1 &4484974991160469692
GameObject:
  m_ObjectHideFlags: 0
  m_CorrespondingSourceObject: {fileID: 0}
  m_PrefabInstance: {fileID: 0}
  m_PrefabAsset: {fileID: 0}
  serializedVersion: 6
  m_Component:
  - component: {fileID: 6549732818907893842}
  m_Layer: 8
  m_Name: CardPlayed_T1
  m_TagString: Untagged
  m_Icon: {fileID: 0}
  m_NavMeshLayer: 0
  m_StaticEditorFlags: 0
  m_IsActive: 1
--- !u!224 &6549732818907893842
RectTransform:
  m_ObjectHideFlags: 0
  m_CorrespondingSourceObject: {fileID: 0}
  m_PrefabInstance: {fileID: 0}
  m_PrefabAsset: {fileID: 0}
  m_GameObject: {fileID: 4484974991160469692}
  m_LocalRotation: {x: 0, y: 0, z: 0, w: 1}
  m_LocalPosition: {x: 0, y: 0, z: -0}
  m_LocalScale: {x: 1, y: 1, z: 1}
  m_Children:
  - {fileID: 2524641836503242641}
  - {fileID: 2040966439702657788}
  - {fileID: 5251596025444777739}
  - {fileID: 2406521797520003373}
  m_Father: {fileID: 2324132710373602633}
  m_RootOrder: 5
  m_LocalEulerAnglesHint: {x: 0, y: 0, z: 0}
  m_AnchorMin: {x: 0.5, y: 0.5}
  m_AnchorMax: {x: 0.5, y: 0.5}
  m_AnchoredPosition: {x: -532, y: 274}
  m_SizeDelta: {x: 1021.3, y: 1825.2}
  m_Pivot: {x: 0.5, y: 0.5}
--- !u!114 &67616952
MonoBehaviour:
  m_ObjectHideFlags: 0
  m_CorrespondingSourceObject: {fileID: 0}
  m_PrefabInstance: {fileID: 0}
  m_PrefabAsset: {fileID: 0}
  m_GameObject: {fileID: 5562663426036959635}
  m_Enabled: 1
  m_EditorHideFlags: 0
  m_Script: {fileID: 11500000, guid: 2e8f295667a61394ebf308f23a73d1d5, type: 3}
  m_Name: 
  m_EditorClassIdentifier: 
  playerBehavior: {fileID: 0}
  angle: 180
--- !u!1 &5727726328271089501
GameObject:
  m_ObjectHideFlags: 0
  m_CorrespondingSourceObject: {fileID: 0}
  m_PrefabInstance: {fileID: 0}
  m_PrefabAsset: {fileID: 0}
  serializedVersion: 6
  m_Component:
  - component: {fileID: 4222940754012162431}
  - component: {fileID: 8573704758180644936}
  - component: {fileID: 3830775984756629533}
  m_Layer: 8
  m_Name: GameObject
  m_TagString: Untagged
  m_Icon: {fileID: 0}
  m_NavMeshLayer: 0
  m_StaticEditorFlags: 0
  m_IsActive: 1
--- !u!224 &4222940754012162431
RectTransform:
  m_ObjectHideFlags: 0
  m_CorrespondingSourceObject: {fileID: 0}
  m_PrefabInstance: {fileID: 0}
  m_PrefabAsset: {fileID: 0}
  m_GameObject: {fileID: 5727726328271089501}
  m_LocalRotation: {x: 0, y: 0, z: 0, w: 1}
  m_LocalPosition: {x: 0, y: 0, z: 0}
  m_LocalScale: {x: 1, y: 1, z: 1}
  m_Children: []
  m_Father: {fileID: 2406521797520003373}
  m_RootOrder: 0
  m_LocalEulerAnglesHint: {x: 0, y: 0, z: 0}
  m_AnchorMin: {x: 0, y: 0}
  m_AnchorMax: {x: 1, y: 1}
  m_AnchoredPosition: {x: 0, y: 0}
  m_SizeDelta: {x: 0, y: 0}
  m_Pivot: {x: 0.5, y: 0.5}
--- !u!222 &8573704758180644936
CanvasRenderer:
  m_ObjectHideFlags: 0
  m_CorrespondingSourceObject: {fileID: 0}
  m_PrefabInstance: {fileID: 0}
  m_PrefabAsset: {fileID: 0}
  m_GameObject: {fileID: 5727726328271089501}
  m_CullTransparentMesh: 0
--- !u!114 &3830775984756629533
MonoBehaviour:
  m_ObjectHideFlags: 0
  m_CorrespondingSourceObject: {fileID: 0}
  m_PrefabInstance: {fileID: 0}
  m_PrefabAsset: {fileID: 0}
  m_GameObject: {fileID: 5727726328271089501}
  m_Enabled: 1
  m_EditorHideFlags: 0
  m_Script: {fileID: 708705254, guid: f70555f144d8491a825f0804e09c671c, type: 3}
  m_Name: 
  m_EditorClassIdentifier: 
  m_Material: {fileID: 0}
  m_Color: {r: 0, g: 0, b: 0, a: 1}
  m_RaycastTarget: 1
  m_OnCullStateChanged:
    m_PersistentCalls:
      m_Calls: []
    m_TypeName: UnityEngine.UI.MaskableGraphic+CullStateChangedEvent, UnityEngine.UI,
      Version=1.0.0.0, Culture=neutral, PublicKeyToken=null
  m_FontData:
    m_Font: {fileID: 12800000, guid: 559decf630881014a846f29b69c81005, type: 3}
    m_FontSize: 20
    m_FontStyle: 0
    m_BestFit: 0
    m_MinSize: 2
    m_MaxSize: 40
    m_Alignment: 4
    m_AlignByGeometry: 0
    m_RichText: 1
    m_HorizontalOverflow: 1
    m_VerticalOverflow: 1
    m_LineSpacing: 1
  m_Text: lol
--- !u!1001 &1308573594790796100
PrefabInstance:
  m_ObjectHideFlags: 0
  serializedVersion: 2
  m_Modification:
    m_TransformParent: {fileID: 7186564343657925591}
    m_Modifications:
    - target: {fileID: 6690567898044972702, guid: 0bfc5ee37c838f24193a82ba3aa2d129,
        type: 3}
      propertyPath: m_Name
      value: Players_UI_Blue_TopRightCorner
      objectReference: {fileID: 0}
    - target: {fileID: 1553363711198856137, guid: 0bfc5ee37c838f24193a82ba3aa2d129,
        type: 3}
      propertyPath: m_LocalPosition.x
      value: 0
      objectReference: {fileID: 0}
    - target: {fileID: 1553363711198856137, guid: 0bfc5ee37c838f24193a82ba3aa2d129,
        type: 3}
      propertyPath: m_LocalPosition.y
      value: 0
      objectReference: {fileID: 0}
    - target: {fileID: 1553363711198856137, guid: 0bfc5ee37c838f24193a82ba3aa2d129,
        type: 3}
      propertyPath: m_LocalPosition.z
      value: 0
      objectReference: {fileID: 0}
    - target: {fileID: 1553363711198856137, guid: 0bfc5ee37c838f24193a82ba3aa2d129,
        type: 3}
      propertyPath: m_LocalRotation.x
      value: 0
      objectReference: {fileID: 0}
    - target: {fileID: 1553363711198856137, guid: 0bfc5ee37c838f24193a82ba3aa2d129,
        type: 3}
      propertyPath: m_LocalRotation.y
      value: 0
      objectReference: {fileID: 0}
    - target: {fileID: 1553363711198856137, guid: 0bfc5ee37c838f24193a82ba3aa2d129,
        type: 3}
      propertyPath: m_LocalRotation.z
      value: 0
      objectReference: {fileID: 0}
    - target: {fileID: 1553363711198856137, guid: 0bfc5ee37c838f24193a82ba3aa2d129,
        type: 3}
      propertyPath: m_LocalRotation.w
      value: 1
      objectReference: {fileID: 0}
    - target: {fileID: 1553363711198856137, guid: 0bfc5ee37c838f24193a82ba3aa2d129,
        type: 3}
      propertyPath: m_RootOrder
      value: 2
      objectReference: {fileID: 0}
    - target: {fileID: 1553363711198856137, guid: 0bfc5ee37c838f24193a82ba3aa2d129,
        type: 3}
      propertyPath: m_LocalEulerAnglesHint.x
      value: 0
      objectReference: {fileID: 0}
    - target: {fileID: 1553363711198856137, guid: 0bfc5ee37c838f24193a82ba3aa2d129,
        type: 3}
      propertyPath: m_LocalEulerAnglesHint.y
      value: 0
      objectReference: {fileID: 0}
    - target: {fileID: 1553363711198856137, guid: 0bfc5ee37c838f24193a82ba3aa2d129,
        type: 3}
      propertyPath: m_LocalEulerAnglesHint.z
      value: 0
      objectReference: {fileID: 0}
    - target: {fileID: 1553363711198856137, guid: 0bfc5ee37c838f24193a82ba3aa2d129,
        type: 3}
      propertyPath: m_AnchoredPosition.x
      value: 0
      objectReference: {fileID: 0}
    - target: {fileID: 1553363711198856137, guid: 0bfc5ee37c838f24193a82ba3aa2d129,
        type: 3}
      propertyPath: m_AnchoredPosition.y
      value: 0
      objectReference: {fileID: 0}
    - target: {fileID: 1553363711198856137, guid: 0bfc5ee37c838f24193a82ba3aa2d129,
        type: 3}
      propertyPath: m_SizeDelta.x
      value: 0
      objectReference: {fileID: 0}
    - target: {fileID: 1553363711198856137, guid: 0bfc5ee37c838f24193a82ba3aa2d129,
        type: 3}
      propertyPath: m_SizeDelta.y
      value: 0
      objectReference: {fileID: 0}
    - target: {fileID: 1553363711198856137, guid: 0bfc5ee37c838f24193a82ba3aa2d129,
        type: 3}
      propertyPath: m_AnchorMin.x
      value: 0
      objectReference: {fileID: 0}
    - target: {fileID: 1553363711198856137, guid: 0bfc5ee37c838f24193a82ba3aa2d129,
        type: 3}
      propertyPath: m_AnchorMin.y
      value: 0
      objectReference: {fileID: 0}
    - target: {fileID: 1553363711198856137, guid: 0bfc5ee37c838f24193a82ba3aa2d129,
        type: 3}
      propertyPath: m_AnchorMax.x
      value: 0
      objectReference: {fileID: 0}
    - target: {fileID: 1553363711198856137, guid: 0bfc5ee37c838f24193a82ba3aa2d129,
        type: 3}
      propertyPath: m_AnchorMax.y
      value: 0
      objectReference: {fileID: 0}
    - target: {fileID: 1553363711198856137, guid: 0bfc5ee37c838f24193a82ba3aa2d129,
        type: 3}
      propertyPath: m_Pivot.x
      value: 0
      objectReference: {fileID: 0}
    - target: {fileID: 1553363711198856137, guid: 0bfc5ee37c838f24193a82ba3aa2d129,
        type: 3}
      propertyPath: m_Pivot.y
      value: 0
      objectReference: {fileID: 0}
    - target: {fileID: 1553363711198856137, guid: 0bfc5ee37c838f24193a82ba3aa2d129,
        type: 3}
      propertyPath: m_LocalScale.x
      value: 0
      objectReference: {fileID: 0}
    - target: {fileID: 1553363711198856137, guid: 0bfc5ee37c838f24193a82ba3aa2d129,
        type: 3}
      propertyPath: m_LocalScale.y
      value: 0
      objectReference: {fileID: 0}
    - target: {fileID: 1553363711198856137, guid: 0bfc5ee37c838f24193a82ba3aa2d129,
        type: 3}
      propertyPath: m_LocalScale.z
      value: 0
      objectReference: {fileID: 0}
    - target: {fileID: 753461232465190761, guid: 0bfc5ee37c838f24193a82ba3aa2d129,
        type: 3}
      propertyPath: m_LocalRotation.x
      value: 0.70710677
      objectReference: {fileID: 0}
    - target: {fileID: 753461232465190761, guid: 0bfc5ee37c838f24193a82ba3aa2d129,
        type: 3}
      propertyPath: m_LocalRotation.y
      value: -0.7071068
      objectReference: {fileID: 0}
    - target: {fileID: 753461232465190761, guid: 0bfc5ee37c838f24193a82ba3aa2d129,
        type: 3}
      propertyPath: m_LocalRotation.w
      value: 0
      objectReference: {fileID: 0}
    - target: {fileID: 753461232465190761, guid: 0bfc5ee37c838f24193a82ba3aa2d129,
        type: 3}
      propertyPath: m_LocalPosition.z
      value: -0
      objectReference: {fileID: 0}
    - target: {fileID: 753461232465190761, guid: 0bfc5ee37c838f24193a82ba3aa2d129,
        type: 3}
      propertyPath: m_LocalEulerAnglesHint.x
      value: 180
      objectReference: {fileID: 0}
    - target: {fileID: 753461232465190761, guid: 0bfc5ee37c838f24193a82ba3aa2d129,
        type: 3}
      propertyPath: m_LocalEulerAnglesHint.z
      value: 90.00001
      objectReference: {fileID: 0}
    - target: {fileID: 753461232465190761, guid: 0bfc5ee37c838f24193a82ba3aa2d129,
        type: 3}
      propertyPath: m_AnchorMin.x
      value: 1
      objectReference: {fileID: 0}
    - target: {fileID: 753461232465190761, guid: 0bfc5ee37c838f24193a82ba3aa2d129,
        type: 3}
      propertyPath: m_AnchorMin.y
      value: 1
      objectReference: {fileID: 0}
    - target: {fileID: 753461232465190761, guid: 0bfc5ee37c838f24193a82ba3aa2d129,
        type: 3}
      propertyPath: m_AnchorMax.x
      value: 1
      objectReference: {fileID: 0}
    - target: {fileID: 753461232465190761, guid: 0bfc5ee37c838f24193a82ba3aa2d129,
        type: 3}
      propertyPath: m_AnchorMax.y
      value: 1
      objectReference: {fileID: 0}
    - target: {fileID: 753461232465190761, guid: 0bfc5ee37c838f24193a82ba3aa2d129,
        type: 3}
      propertyPath: m_AnchoredPosition.x
      value: -120
      objectReference: {fileID: 0}
    - target: {fileID: 753461232465190761, guid: 0bfc5ee37c838f24193a82ba3aa2d129,
        type: 3}
      propertyPath: m_AnchoredPosition.y
      value: -95
      objectReference: {fileID: 0}
    - target: {fileID: 3632160395337739789, guid: 0bfc5ee37c838f24193a82ba3aa2d129,
        type: 3}
      propertyPath: m_LocalRotation.z
      value: 0.7071058
      objectReference: {fileID: 0}
    - target: {fileID: 3632160395337739789, guid: 0bfc5ee37c838f24193a82ba3aa2d129,
        type: 3}
      propertyPath: m_LocalRotation.w
      value: 0.7071078
      objectReference: {fileID: 0}
    - target: {fileID: 3632160395337739789, guid: 0bfc5ee37c838f24193a82ba3aa2d129,
        type: 3}
      propertyPath: m_LocalPosition.z
      value: 4.75
      objectReference: {fileID: 0}
    - target: {fileID: 3632160395337739789, guid: 0bfc5ee37c838f24193a82ba3aa2d129,
        type: 3}
      propertyPath: m_LocalEulerAnglesHint.z
      value: 90.00001
      objectReference: {fileID: 0}
    - target: {fileID: 3632160395337739789, guid: 0bfc5ee37c838f24193a82ba3aa2d129,
        type: 3}
      propertyPath: m_AnchoredPosition.x
      value: 438
      objectReference: {fileID: 0}
    - target: {fileID: 3632160395337739789, guid: 0bfc5ee37c838f24193a82ba3aa2d129,
        type: 3}
      propertyPath: m_AnchoredPosition.y
      value: 376
      objectReference: {fileID: 0}
    - target: {fileID: 8623364084957525984, guid: 0bfc5ee37c838f24193a82ba3aa2d129,
        type: 3}
      propertyPath: m_LocalRotation.z
      value: 0.9238798
      objectReference: {fileID: 0}
    - target: {fileID: 8623364084957525984, guid: 0bfc5ee37c838f24193a82ba3aa2d129,
        type: 3}
      propertyPath: m_LocalRotation.w
      value: -0.38268274
      objectReference: {fileID: 0}
    - target: {fileID: 8623364084957525984, guid: 0bfc5ee37c838f24193a82ba3aa2d129,
        type: 3}
      propertyPath: m_LocalPosition.z
      value: 4.75
      objectReference: {fileID: 0}
    - target: {fileID: 8623364084957525984, guid: 0bfc5ee37c838f24193a82ba3aa2d129,
        type: 3}
      propertyPath: m_LocalEulerAnglesHint.z
      value: 225
      objectReference: {fileID: 0}
    - target: {fileID: 8623364084957525984, guid: 0bfc5ee37c838f24193a82ba3aa2d129,
        type: 3}
      propertyPath: m_AnchoredPosition.x
      value: -95
      objectReference: {fileID: 0}
    - target: {fileID: 8623364084957525984, guid: 0bfc5ee37c838f24193a82ba3aa2d129,
        type: 3}
      propertyPath: m_AnchoredPosition.y
      value: -92
      objectReference: {fileID: 0}
    - target: {fileID: 8623364084957525984, guid: 0bfc5ee37c838f24193a82ba3aa2d129,
        type: 3}
      propertyPath: m_SizeDelta.x
      value: 240
      objectReference: {fileID: 0}
    - target: {fileID: 8623364084957525984, guid: 0bfc5ee37c838f24193a82ba3aa2d129,
        type: 3}
      propertyPath: m_SizeDelta.y
      value: 260
      objectReference: {fileID: 0}
    - target: {fileID: 7101559146101747041, guid: 0bfc5ee37c838f24193a82ba3aa2d129,
        type: 3}
      propertyPath: cardPlayedT2
      value: 
      objectReference: {fileID: 1521831464555136144}
    - target: {fileID: 7101559146101747041, guid: 0bfc5ee37c838f24193a82ba3aa2d129,
        type: 3}
      propertyPath: cardPlayedT1
      value: 
      objectReference: {fileID: 6549732818907893842}
    - target: {fileID: 7003714530856351005, guid: 0bfc5ee37c838f24193a82ba3aa2d129,
        type: 3}
      propertyPath: m_LocalRotation.z
      value: 0.92387956
      objectReference: {fileID: 0}
    - target: {fileID: 7003714530856351005, guid: 0bfc5ee37c838f24193a82ba3aa2d129,
        type: 3}
      propertyPath: m_LocalRotation.w
      value: 0.38268343
      objectReference: {fileID: 0}
    - target: {fileID: 7003714530856351005, guid: 0bfc5ee37c838f24193a82ba3aa2d129,
        type: 3}
      propertyPath: m_LocalPosition.z
      value: 4.75
      objectReference: {fileID: 0}
    - target: {fileID: 7003714530856351005, guid: 0bfc5ee37c838f24193a82ba3aa2d129,
        type: 3}
      propertyPath: m_LocalEulerAnglesHint.z
      value: 135
      objectReference: {fileID: 0}
    - target: {fileID: 7003714530856351005, guid: 0bfc5ee37c838f24193a82ba3aa2d129,
        type: 3}
      propertyPath: m_AnchorMin.x
      value: 1
      objectReference: {fileID: 0}
    - target: {fileID: 7003714530856351005, guid: 0bfc5ee37c838f24193a82ba3aa2d129,
        type: 3}
      propertyPath: m_AnchorMin.y
      value: 1
      objectReference: {fileID: 0}
    - target: {fileID: 7003714530856351005, guid: 0bfc5ee37c838f24193a82ba3aa2d129,
        type: 3}
      propertyPath: m_AnchorMax.x
      value: 1
      objectReference: {fileID: 0}
    - target: {fileID: 7003714530856351005, guid: 0bfc5ee37c838f24193a82ba3aa2d129,
        type: 3}
      propertyPath: m_AnchorMax.y
      value: 1
      objectReference: {fileID: 0}
    - target: {fileID: 7003714530856351005, guid: 0bfc5ee37c838f24193a82ba3aa2d129,
        type: 3}
      propertyPath: m_AnchoredPosition.x
      value: -500
      objectReference: {fileID: 0}
    - target: {fileID: 7003714530856351005, guid: 0bfc5ee37c838f24193a82ba3aa2d129,
        type: 3}
      propertyPath: m_AnchoredPosition.y
      value: -100
      objectReference: {fileID: 0}
    - target: {fileID: 1394085360632122240, guid: 0bfc5ee37c838f24193a82ba3aa2d129,
        type: 3}
      propertyPath: m_AnchoredPosition.x
      value: -193
      objectReference: {fileID: 0}
    - target: {fileID: 1394085360632122240, guid: 0bfc5ee37c838f24193a82ba3aa2d129,
        type: 3}
      propertyPath: m_AnchoredPosition.y
      value: -32
      objectReference: {fileID: 0}
    - target: {fileID: 1492109719964360105, guid: 0bfc5ee37c838f24193a82ba3aa2d129,
        type: 3}
      propertyPath: m_LocalRotation.x
      value: -0
      objectReference: {fileID: 0}
    - target: {fileID: 1492109719964360105, guid: 0bfc5ee37c838f24193a82ba3aa2d129,
        type: 3}
      propertyPath: m_LocalRotation.y
      value: -0
      objectReference: {fileID: 0}
    - target: {fileID: 1492109719964360105, guid: 0bfc5ee37c838f24193a82ba3aa2d129,
        type: 3}
      propertyPath: m_LocalRotation.z
      value: -0.71468294
      objectReference: {fileID: 0}
    - target: {fileID: 1492109719964360105, guid: 0bfc5ee37c838f24193a82ba3aa2d129,
        type: 3}
      propertyPath: m_LocalRotation.w
      value: 0.69944865
      objectReference: {fileID: 0}
    - target: {fileID: 1492109719964360105, guid: 0bfc5ee37c838f24193a82ba3aa2d129,
        type: 3}
      propertyPath: m_LocalPosition.z
      value: -0
      objectReference: {fileID: 0}
    - target: {fileID: 1492109719964360105, guid: 0bfc5ee37c838f24193a82ba3aa2d129,
        type: 3}
      propertyPath: m_LocalScale.x
      value: 1
      objectReference: {fileID: 0}
    - target: {fileID: 1492109719964360105, guid: 0bfc5ee37c838f24193a82ba3aa2d129,
        type: 3}
      propertyPath: m_LocalScale.y
      value: 1
      objectReference: {fileID: 0}
    - target: {fileID: 1492109719964360105, guid: 0bfc5ee37c838f24193a82ba3aa2d129,
        type: 3}
      propertyPath: m_LocalEulerAnglesHint.z
      value: -91.234
      objectReference: {fileID: 0}
    - target: {fileID: 1492109719964360105, guid: 0bfc5ee37c838f24193a82ba3aa2d129,
        type: 3}
      propertyPath: m_AnchoredPosition.x
      value: 128
      objectReference: {fileID: 0}
    - target: {fileID: 1492109719964360105, guid: 0bfc5ee37c838f24193a82ba3aa2d129,
        type: 3}
      propertyPath: m_AnchoredPosition.y
      value: 75
      objectReference: {fileID: 0}
    - target: {fileID: 519705504963125204, guid: 0bfc5ee37c838f24193a82ba3aa2d129,
        type: 3}
      propertyPath: m_LocalRotation.x
      value: 0
      objectReference: {fileID: 0}
    - target: {fileID: 519705504963125204, guid: 0bfc5ee37c838f24193a82ba3aa2d129,
        type: 3}
      propertyPath: m_LocalRotation.y
      value: 0
      objectReference: {fileID: 0}
    - target: {fileID: 519705504963125204, guid: 0bfc5ee37c838f24193a82ba3aa2d129,
        type: 3}
      propertyPath: m_LocalRotation.z
      value: 0
      objectReference: {fileID: 0}
    - target: {fileID: 519705504963125204, guid: 0bfc5ee37c838f24193a82ba3aa2d129,
        type: 3}
      propertyPath: m_LocalRotation.w
      value: 1
      objectReference: {fileID: 0}
    - target: {fileID: 519705504963125204, guid: 0bfc5ee37c838f24193a82ba3aa2d129,
        type: 3}
      propertyPath: m_AnchoredPosition.x
      value: -373.5
      objectReference: {fileID: 0}
    - target: {fileID: 519705504963125204, guid: 0bfc5ee37c838f24193a82ba3aa2d129,
        type: 3}
      propertyPath: m_AnchoredPosition.y
      value: 436.9
      objectReference: {fileID: 0}
    - target: {fileID: 431563147045898921, guid: 0bfc5ee37c838f24193a82ba3aa2d129,
        type: 3}
      propertyPath: m_RenderMode
      value: 1
      objectReference: {fileID: 0}
    - target: {fileID: 431563147045898921, guid: 0bfc5ee37c838f24193a82ba3aa2d129,
        type: 3}
      propertyPath: m_PlaneDistance
      value: 1
      objectReference: {fileID: 0}
    - target: {fileID: 2932900217868051183, guid: 0bfc5ee37c838f24193a82ba3aa2d129,
        type: 3}
      propertyPath: m_LocalRotation.x
      value: -0
      objectReference: {fileID: 0}
    - target: {fileID: 2932900217868051183, guid: 0bfc5ee37c838f24193a82ba3aa2d129,
        type: 3}
      propertyPath: m_LocalRotation.y
      value: -0
      objectReference: {fileID: 0}
    - target: {fileID: 2932900217868051183, guid: 0bfc5ee37c838f24193a82ba3aa2d129,
        type: 3}
      propertyPath: m_LocalRotation.z
      value: -0.71468294
      objectReference: {fileID: 0}
    - target: {fileID: 2932900217868051183, guid: 0bfc5ee37c838f24193a82ba3aa2d129,
        type: 3}
      propertyPath: m_LocalRotation.w
      value: 0.69944865
      objectReference: {fileID: 0}
    - target: {fileID: 2932900217868051183, guid: 0bfc5ee37c838f24193a82ba3aa2d129,
        type: 3}
      propertyPath: m_LocalPosition.z
      value: -0
      objectReference: {fileID: 0}
    - target: {fileID: 2932900217868051183, guid: 0bfc5ee37c838f24193a82ba3aa2d129,
        type: 3}
      propertyPath: m_LocalEulerAnglesHint.z
      value: -91.234
      objectReference: {fileID: 0}
    - target: {fileID: 2932900217868051183, guid: 0bfc5ee37c838f24193a82ba3aa2d129,
        type: 3}
      propertyPath: m_AnchoredPosition.x
      value: 125
      objectReference: {fileID: 0}
    - target: {fileID: 2932900217868051183, guid: 0bfc5ee37c838f24193a82ba3aa2d129,
        type: 3}
      propertyPath: m_AnchoredPosition.y
      value: -75
      objectReference: {fileID: 0}
    - target: {fileID: 3183563139114870534, guid: 0bfc5ee37c838f24193a82ba3aa2d129,
        type: 3}
      propertyPath: m_IsActive
      value: 0
      objectReference: {fileID: 0}
    - target: {fileID: 5883347155675932121, guid: 0bfc5ee37c838f24193a82ba3aa2d129,
        type: 3}
      propertyPath: m_AnchoredPosition.x
      value: 75.5
      objectReference: {fileID: 0}
    - target: {fileID: 5883347155675932121, guid: 0bfc5ee37c838f24193a82ba3aa2d129,
        type: 3}
      propertyPath: m_AnchoredPosition.y
      value: -123.5
      objectReference: {fileID: 0}
    - target: {fileID: 5883347155675932121, guid: 0bfc5ee37c838f24193a82ba3aa2d129,
        type: 3}
      propertyPath: m_SizeDelta.x
      value: 100
      objectReference: {fileID: 0}
    - target: {fileID: 5883347155675932121, guid: 0bfc5ee37c838f24193a82ba3aa2d129,
        type: 3}
      propertyPath: m_SizeDelta.y
      value: 100
      objectReference: {fileID: 0}
    - target: {fileID: 6902943633638892120, guid: 0bfc5ee37c838f24193a82ba3aa2d129,
        type: 3}
      propertyPath: m_IsActive
      value: 0
      objectReference: {fileID: 0}
    - target: {fileID: 4843744514825547090, guid: 0bfc5ee37c838f24193a82ba3aa2d129,
        type: 3}
      propertyPath: m_AnchoredPosition.x
      value: -172.6
      objectReference: {fileID: 0}
    - target: {fileID: 4843744514825547090, guid: 0bfc5ee37c838f24193a82ba3aa2d129,
        type: 3}
      propertyPath: m_AnchoredPosition.y
      value: -71
      objectReference: {fileID: 0}
    - target: {fileID: 8398167487098310656, guid: 0bfc5ee37c838f24193a82ba3aa2d129,
        type: 3}
      propertyPath: m_LocalRotation.z
      value: 0.7071059
      objectReference: {fileID: 0}
    - target: {fileID: 8398167487098310656, guid: 0bfc5ee37c838f24193a82ba3aa2d129,
        type: 3}
      propertyPath: m_LocalRotation.w
      value: 0.7071077
      objectReference: {fileID: 0}
    - target: {fileID: 8398167487098310656, guid: 0bfc5ee37c838f24193a82ba3aa2d129,
        type: 3}
      propertyPath: m_AnchoredPosition.x
      value: -2
      objectReference: {fileID: 0}
    - target: {fileID: 8398167487098310656, guid: 0bfc5ee37c838f24193a82ba3aa2d129,
        type: 3}
      propertyPath: m_AnchoredPosition.y
      value: 175
      objectReference: {fileID: 0}
    - target: {fileID: 7859777463397914153, guid: 0bfc5ee37c838f24193a82ba3aa2d129,
        type: 3}
      propertyPath: m_Color.g
      value: 0.764151
      objectReference: {fileID: 0}
    - target: {fileID: 7859777463397914153, guid: 0bfc5ee37c838f24193a82ba3aa2d129,
        type: 3}
      propertyPath: m_Color.b
      value: 0.764151
      objectReference: {fileID: 0}
    - target: {fileID: 4132974369783155361, guid: 0bfc5ee37c838f24193a82ba3aa2d129,
        type: 3}
      propertyPath: m_LocalPosition.z
      value: -0
      objectReference: {fileID: 0}
    - target: {fileID: 4132974369783155361, guid: 0bfc5ee37c838f24193a82ba3aa2d129,
        type: 3}
      propertyPath: m_AnchoredPosition.x
      value: 451.6997
      objectReference: {fileID: 0}
    - target: {fileID: 4132974369783155361, guid: 0bfc5ee37c838f24193a82ba3aa2d129,
        type: 3}
      propertyPath: m_AnchoredPosition.y
      value: -255.4
      objectReference: {fileID: 0}
    - target: {fileID: 5488721308429891927, guid: 0bfc5ee37c838f24193a82ba3aa2d129,
        type: 3}
      propertyPath: m_LocalPosition.z
      value: -0
      objectReference: {fileID: 0}
    - target: {fileID: 5488721308429891927, guid: 0bfc5ee37c838f24193a82ba3aa2d129,
        type: 3}
      propertyPath: m_AnchoredPosition.x
      value: 451.3
      objectReference: {fileID: 0}
    - target: {fileID: 5488721308429891927, guid: 0bfc5ee37c838f24193a82ba3aa2d129,
        type: 3}
      propertyPath: m_AnchoredPosition.y
      value: -418.7
      objectReference: {fileID: 0}
    - target: {fileID: 5480550938503987856, guid: 0bfc5ee37c838f24193a82ba3aa2d129,
        type: 3}
      propertyPath: m_LocalPosition.z
      value: -0
      objectReference: {fileID: 0}
    - target: {fileID: 5480550938503987856, guid: 0bfc5ee37c838f24193a82ba3aa2d129,
        type: 3}
      propertyPath: m_AnchoredPosition.x
      value: 452.1
      objectReference: {fileID: 0}
    - target: {fileID: 5480550938503987856, guid: 0bfc5ee37c838f24193a82ba3aa2d129,
        type: 3}
      propertyPath: m_AnchoredPosition.y
      value: -364
      objectReference: {fileID: 0}
    - target: {fileID: 8574808280297117463, guid: 0bfc5ee37c838f24193a82ba3aa2d129,
        type: 3}
      propertyPath: m_LocalPosition.z
      value: -0
      objectReference: {fileID: 0}
    - target: {fileID: 8574808280297117463, guid: 0bfc5ee37c838f24193a82ba3aa2d129,
        type: 3}
      propertyPath: m_AnchoredPosition.x
      value: 451.4
      objectReference: {fileID: 0}
    - target: {fileID: 8574808280297117463, guid: 0bfc5ee37c838f24193a82ba3aa2d129,
        type: 3}
      propertyPath: m_AnchoredPosition.y
      value: -307.2
      objectReference: {fileID: 0}
    - target: {fileID: 8590662133222345212, guid: 0bfc5ee37c838f24193a82ba3aa2d129,
        type: 3}
      propertyPath: m_Controller
      value: 
      objectReference: {fileID: 22100000, guid: e56cf250a4341f74b8f3b6465f59f226,
        type: 2}
    - target: {fileID: 9066574283669197183, guid: 0bfc5ee37c838f24193a82ba3aa2d129,
        type: 3}
      propertyPath: m_Name
      value: CardPlayed_T2
      objectReference: {fileID: 0}
    - target: {fileID: 6551480899850630887, guid: 0bfc5ee37c838f24193a82ba3aa2d129,
        type: 3}
      propertyPath: m_OnClick.m_PersistentCalls.m_Calls.Array.data[0].m_Target
      value: 
      objectReference: {fileID: 3928876622778040948}
    - target: {fileID: 8167236228348879062, guid: 0bfc5ee37c838f24193a82ba3aa2d129,
        type: 3}
      propertyPath: m_OnClick.m_PersistentCalls.m_Calls.Array.data[0].m_Target
      value: 
      objectReference: {fileID: 3928876622778040948}
    m_RemovedComponents: []
  m_SourcePrefab: {fileID: 100100000, guid: 0bfc5ee37c838f24193a82ba3aa2d129, type: 3}
--- !u!224 &1521831464555136144 stripped
RectTransform:
  m_CorrespondingSourceObject: {fileID: 519705504963125204, guid: 0bfc5ee37c838f24193a82ba3aa2d129,
    type: 3}
  m_PrefabInstance: {fileID: 1308573594790796100}
  m_PrefabAsset: {fileID: 0}
--- !u!224 &2324132710373602633 stripped
RectTransform:
  m_CorrespondingSourceObject: {fileID: 3632160395337739789, guid: 0bfc5ee37c838f24193a82ba3aa2d129,
    type: 3}
  m_PrefabInstance: {fileID: 1308573594790796100}
  m_PrefabAsset: {fileID: 0}
--- !u!1 &7093206465990804231 stripped
GameObject:
  m_CorrespondingSourceObject: {fileID: 8095463817734314051, guid: 0bfc5ee37c838f24193a82ba3aa2d129,
    type: 3}
  m_PrefabInstance: {fileID: 1308573594790796100}
  m_PrefabAsset: {fileID: 0}
--- !u!114 &8116949612237174309 stripped
MonoBehaviour:
  m_CorrespondingSourceObject: {fileID: 7101559146101747041, guid: 0bfc5ee37c838f24193a82ba3aa2d129,
    type: 3}
  m_PrefabInstance: {fileID: 1308573594790796100}
  m_PrefabAsset: {fileID: 0}
  m_GameObject: {fileID: 0}
  m_Enabled: 1
  m_EditorHideFlags: 0
  m_Script: {fileID: 11500000, guid: 5a02c493e32962442a709cf16d358208, type: 3}
  m_Name: 
  m_EditorClassIdentifier: 
--- !u!224 &7315159926181407908 stripped
RectTransform:
  m_CorrespondingSourceObject: {fileID: 8623364084957525984, guid: 0bfc5ee37c838f24193a82ba3aa2d129,
    type: 3}
  m_PrefabInstance: {fileID: 1308573594790796100}
  m_PrefabAsset: {fileID: 0}
--- !u!1001 &7780203734198960953
PrefabInstance:
  m_ObjectHideFlags: 0
  serializedVersion: 2
  m_Modification:
    m_TransformParent: {fileID: 0}
    m_Modifications:
    - target: {fileID: 61410770824054980, guid: 0be34aefac95ce9489b329ac39f86c9c,
        type: 3}
      propertyPath: m_Name
      value: PlayerArea_Blue_TopRightCorner
      objectReference: {fileID: 0}
    - target: {fileID: 61410770824054980, guid: 0be34aefac95ce9489b329ac39f86c9c,
        type: 3}
      propertyPath: m_Layer
      value: 8
      objectReference: {fileID: 0}
    - target: {fileID: 5074072553349040807, guid: 0be34aefac95ce9489b329ac39f86c9c,
        type: 3}
      propertyPath: m_LocalPosition.x
      value: 5.68
      objectReference: {fileID: 0}
    - target: {fileID: 5074072553349040807, guid: 0be34aefac95ce9489b329ac39f86c9c,
        type: 3}
      propertyPath: m_LocalPosition.y
      value: 1
      objectReference: {fileID: 0}
    - target: {fileID: 5074072553349040807, guid: 0be34aefac95ce9489b329ac39f86c9c,
        type: 3}
      propertyPath: m_LocalPosition.z
      value: 4.49
      objectReference: {fileID: 0}
    - target: {fileID: 5074072553349040807, guid: 0be34aefac95ce9489b329ac39f86c9c,
        type: 3}
      propertyPath: m_LocalRotation.x
      value: 0
      objectReference: {fileID: 0}
    - target: {fileID: 5074072553349040807, guid: 0be34aefac95ce9489b329ac39f86c9c,
        type: 3}
      propertyPath: m_LocalRotation.y
      value: 0
      objectReference: {fileID: 0}
    - target: {fileID: 5074072553349040807, guid: 0be34aefac95ce9489b329ac39f86c9c,
        type: 3}
      propertyPath: m_LocalRotation.z
      value: 0
      objectReference: {fileID: 0}
    - target: {fileID: 5074072553349040807, guid: 0be34aefac95ce9489b329ac39f86c9c,
        type: 3}
      propertyPath: m_LocalRotation.w
      value: 1
      objectReference: {fileID: 0}
    - target: {fileID: 5074072553349040807, guid: 0be34aefac95ce9489b329ac39f86c9c,
        type: 3}
      propertyPath: m_RootOrder
      value: 0
      objectReference: {fileID: 0}
    - target: {fileID: 5074072553349040807, guid: 0be34aefac95ce9489b329ac39f86c9c,
        type: 3}
      propertyPath: m_LocalEulerAnglesHint.x
      value: 0
      objectReference: {fileID: 0}
    - target: {fileID: 5074072553349040807, guid: 0be34aefac95ce9489b329ac39f86c9c,
        type: 3}
      propertyPath: m_LocalEulerAnglesHint.y
      value: 0
      objectReference: {fileID: 0}
    - target: {fileID: 5074072553349040807, guid: 0be34aefac95ce9489b329ac39f86c9c,
        type: 3}
      propertyPath: m_LocalEulerAnglesHint.z
      value: 0
      objectReference: {fileID: 0}
    - target: {fileID: 2773273340071101401, guid: 0be34aefac95ce9489b329ac39f86c9c,
        type: 3}
      propertyPath: m_LocalPosition.y
      value: 0.2
      objectReference: {fileID: 0}
    - target: {fileID: 3775430879362008045, guid: 0be34aefac95ce9489b329ac39f86c9c,
        type: 3}
      propertyPath: m_LocalPosition.y
      value: 0.2
      objectReference: {fileID: 0}
    - target: {fileID: 3775430879362008045, guid: 0be34aefac95ce9489b329ac39f86c9c,
        type: 3}
      propertyPath: m_RootOrder
      value: 2
      objectReference: {fileID: 0}
    - target: {fileID: 4854407595895018079, guid: 0be34aefac95ce9489b329ac39f86c9c,
        type: 3}
      propertyPath: m_LocalPosition.x
      value: -5.75
      objectReference: {fileID: 0}
    - target: {fileID: 4854407595895018079, guid: 0be34aefac95ce9489b329ac39f86c9c,
        type: 3}
      propertyPath: m_LocalPosition.z
      value: -4.75
      objectReference: {fileID: 0}
    - target: {fileID: 4854407595895018079, guid: 0be34aefac95ce9489b329ac39f86c9c,
        type: 3}
      propertyPath: m_RootOrder
      value: 3
      objectReference: {fileID: 0}
    - target: {fileID: 5589648167642304489, guid: 0be34aefac95ce9489b329ac39f86c9c,
        type: 3}
      propertyPath: m_LocalRotation.y
      value: 0.5
      objectReference: {fileID: 0}
    - target: {fileID: 5589648167642304489, guid: 0be34aefac95ce9489b329ac39f86c9c,
        type: 3}
      propertyPath: m_LocalRotation.z
      value: 0.5
      objectReference: {fileID: 0}
    - target: {fileID: 5589648167642304489, guid: 0be34aefac95ce9489b329ac39f86c9c,
        type: 3}
      propertyPath: m_LocalPosition.x
      value: -2.17
      objectReference: {fileID: 0}
    - target: {fileID: 5589648167642304489, guid: 0be34aefac95ce9489b329ac39f86c9c,
        type: 3}
      propertyPath: m_LocalPosition.y
      value: 0.2
      objectReference: {fileID: 0}
    - target: {fileID: 5589648167642304489, guid: 0be34aefac95ce9489b329ac39f86c9c,
        type: 3}
      propertyPath: m_LocalPosition.z
      value: -1.668
      objectReference: {fileID: 0}
    - target: {fileID: 5589648167642304489, guid: 0be34aefac95ce9489b329ac39f86c9c,
        type: 3}
      propertyPath: m_LocalEulerAnglesHint.z
      value: 90
      objectReference: {fileID: 0}
    - target: {fileID: 2795146552164043434, guid: 0be34aefac95ce9489b329ac39f86c9c,
        type: 3}
      propertyPath: m_Layer
      value: 8
      objectReference: {fileID: 0}
    - target: {fileID: 3942682762448707624, guid: 0be34aefac95ce9489b329ac39f86c9c,
        type: 3}
      propertyPath: m_Layer
      value: 8
      objectReference: {fileID: 0}
    - target: {fileID: 4356224568161470242, guid: 0be34aefac95ce9489b329ac39f86c9c,
        type: 3}
      propertyPath: m_Layer
      value: 8
      objectReference: {fileID: 0}
    - target: {fileID: 6214667044943894723, guid: 0be34aefac95ce9489b329ac39f86c9c,
        type: 3}
      propertyPath: m_Layer
      value: 8
      objectReference: {fileID: 0}
    - target: {fileID: 6737097433720635725, guid: 0be34aefac95ce9489b329ac39f86c9c,
        type: 3}
      propertyPath: ps.Array.size
      value: 2
      objectReference: {fileID: 0}
    - target: {fileID: 6737097433720635725, guid: 0be34aefac95ce9489b329ac39f86c9c,
        type: 3}
      propertyPath: ath
      value: 
      objectReference: {fileID: 8116949612237174309}
    - target: {fileID: 6737097433720635725, guid: 0be34aefac95ce9489b329ac39f86c9c,
        type: 3}
      propertyPath: playerPos
      value: 
      objectReference: {fileID: 7186564343657925591}
    - target: {fileID: 6737097433720635725, guid: 0be34aefac95ce9489b329ac39f86c9c,
        type: 3}
      propertyPath: buttonsTransform
      value: 
      objectReference: {fileID: 7315159926181407908}
    - target: {fileID: 6737097433720635725, guid: 0be34aefac95ce9489b329ac39f86c9c,
        type: 3}
      propertyPath: circle
      value: 
      objectReference: {fileID: 8057359829544656296}
    - target: {fileID: 6737097433720635725, guid: 0be34aefac95ce9489b329ac39f86c9c,
        type: 3}
      propertyPath: raycastHits.m_Bits
      value: 256
      objectReference: {fileID: 0}
    - target: {fileID: 6737097433720635725, guid: 0be34aefac95ce9489b329ac39f86c9c,
        type: 3}
      propertyPath: playedCard
      value: 
      objectReference: {fileID: 7093206465990804231}
    - target: {fileID: 7486735970036195815, guid: 0be34aefac95ce9489b329ac39f86c9c,
        type: 3}
      propertyPath: m_Layer
      value: 8
      objectReference: {fileID: 0}
    - target: {fileID: 299955570073018001, guid: 0be34aefac95ce9489b329ac39f86c9c,
        type: 3}
      propertyPath: m_IsActive
      value: 0
      objectReference: {fileID: 0}
    - target: {fileID: 4545906458840326276, guid: 0be34aefac95ce9489b329ac39f86c9c,
        type: 3}
      propertyPath: m_Size.x
      value: 0.8
      objectReference: {fileID: 0}
    - target: {fileID: 4545906458840326276, guid: 0be34aefac95ce9489b329ac39f86c9c,
        type: 3}
      propertyPath: m_Size.z
      value: 4.5
      objectReference: {fileID: 0}
    - target: {fileID: 4545906458840326276, guid: 0be34aefac95ce9489b329ac39f86c9c,
        type: 3}
      propertyPath: m_Center.x
      value: 3.8
      objectReference: {fileID: 0}
    - target: {fileID: 4545906458840326276, guid: 0be34aefac95ce9489b329ac39f86c9c,
        type: 3}
      propertyPath: m_Center.y
      value: 0
      objectReference: {fileID: 0}
    - target: {fileID: 4545906458840326276, guid: 0be34aefac95ce9489b329ac39f86c9c,
        type: 3}
      propertyPath: m_Center.z
      value: 1.25
      objectReference: {fileID: 0}
    - target: {fileID: 4408592999766721439, guid: 0be34aefac95ce9489b329ac39f86c9c,
        type: 3}
      propertyPath: m_Materials.Array.data[0]
      value: 
      objectReference: {fileID: 2100000, guid: 3d7a72350122e7746adab9fad30c07de, type: 2}
    - target: {fileID: 4770273494763237348, guid: 0be34aefac95ce9489b329ac39f86c9c,
        type: 3}
      propertyPath: m_Layer
      value: 8
      objectReference: {fileID: 0}
    - target: {fileID: 6304744108561856030, guid: 0be34aefac95ce9489b329ac39f86c9c,
        type: 3}
      propertyPath: m_Sprite
      value: 
      objectReference: {fileID: 21300000, guid: 8432d28267357004490209223e240a1d,
        type: 3}
    - target: {fileID: 7345299091204516467, guid: 0be34aefac95ce9489b329ac39f86c9c,
        type: 3}
      propertyPath: m_SpriteTilingProperty.oldSize.x
      value: 4.51
      objectReference: {fileID: 0}
    - target: {fileID: 7345299091204516467, guid: 0be34aefac95ce9489b329ac39f86c9c,
        type: 3}
      propertyPath: m_SpriteTilingProperty.oldSize.y
      value: 5.67
      objectReference: {fileID: 0}
    - target: {fileID: 7693833343581181969, guid: 0be34aefac95ce9489b329ac39f86c9c,
        type: 3}
      propertyPath: m_Size.x
      value: 5.6
      objectReference: {fileID: 0}
    - target: {fileID: 7693833343581181969, guid: 0be34aefac95ce9489b329ac39f86c9c,
        type: 3}
      propertyPath: m_Size.z
      value: 0.8
      objectReference: {fileID: 0}
    - target: {fileID: 7693833343581181969, guid: 0be34aefac95ce9489b329ac39f86c9c,
        type: 3}
      propertyPath: m_Center.x
      value: 1.5
      objectReference: {fileID: 0}
    - target: {fileID: 7693833343581181969, guid: 0be34aefac95ce9489b329ac39f86c9c,
        type: 3}
      propertyPath: m_Center.y
      value: 0
      objectReference: {fileID: 0}
    - target: {fileID: 7693833343581181969, guid: 0be34aefac95ce9489b329ac39f86c9c,
        type: 3}
      propertyPath: m_Center.z
      value: 3.2
      objectReference: {fileID: 0}
    - target: {fileID: 299955570073018004, guid: 0be34aefac95ce9489b329ac39f86c9c,
        type: 3}
      propertyPath: ColorModule.gradient.maxGradient.key0.r
      value: 0
      objectReference: {fileID: 0}
    - target: {fileID: 299955570073018004, guid: 0be34aefac95ce9489b329ac39f86c9c,
        type: 3}
      propertyPath: ColorModule.gradient.maxGradient.key0.g
      value: 0.054832935
      objectReference: {fileID: 0}
    - target: {fileID: 299955570073018004, guid: 0be34aefac95ce9489b329ac39f86c9c,
        type: 3}
      propertyPath: ColorModule.gradient.maxGradient.key1.r
      value: 0
      objectReference: {fileID: 0}
    - target: {fileID: 299955570073018004, guid: 0be34aefac95ce9489b329ac39f86c9c,
        type: 3}
      propertyPath: ColorModule.gradient.maxGradient.key1.g
      value: 0.10148144
      objectReference: {fileID: 0}
    - target: {fileID: 299955570073018004, guid: 0be34aefac95ce9489b329ac39f86c9c,
        type: 3}
      propertyPath: ColorModule.gradient.maxGradient.key1.b
      value: 1
      objectReference: {fileID: 0}
    - target: {fileID: 3240840274693856084, guid: 0be34aefac95ce9489b329ac39f86c9c,
        type: 3}
      propertyPath: ColorModule.gradient.maxGradient.key0.r
      value: 0.048508644
      objectReference: {fileID: 0}
    - target: {fileID: 3240840274693856084, guid: 0be34aefac95ce9489b329ac39f86c9c,
        type: 3}
      propertyPath: ColorModule.gradient.maxGradient.key0.g
      value: 0
      objectReference: {fileID: 0}
    - target: {fileID: 3240840274693856084, guid: 0be34aefac95ce9489b329ac39f86c9c,
        type: 3}
      propertyPath: ColorModule.gradient.maxGradient.key0.a
      value: 1
      objectReference: {fileID: 0}
    - target: {fileID: 3240840274693856084, guid: 0be34aefac95ce9489b329ac39f86c9c,
        type: 3}
      propertyPath: ColorModule.gradient.maxGradient.key1.r
      value: 0
      objectReference: {fileID: 0}
    - target: {fileID: 3240840274693856084, guid: 0be34aefac95ce9489b329ac39f86c9c,
        type: 3}
      propertyPath: ColorModule.gradient.maxGradient.key1.g
      value: 0
      objectReference: {fileID: 0}
    - target: {fileID: 3240840274693856084, guid: 0be34aefac95ce9489b329ac39f86c9c,
        type: 3}
      propertyPath: ColorModule.gradient.maxGradient.key1.b
      value: 0
      objectReference: {fileID: 0}
    m_RemovedComponents: []
  m_SourcePrefab: {fileID: 100100000, guid: 0be34aefac95ce9489b329ac39f86c9c, type: 3}
--- !u!4 &7186564343657925591 stripped
Transform:
  m_CorrespondingSourceObject: {fileID: 595346114247444718, guid: 0be34aefac95ce9489b329ac39f86c9c,
    type: 3}
  m_PrefabInstance: {fileID: 7780203734198960953}
  m_PrefabAsset: {fileID: 0}
--- !u!114 &3928876622778040948 stripped
MonoBehaviour:
  m_CorrespondingSourceObject: {fileID: 6737097433720635725, guid: 0be34aefac95ce9489b329ac39f86c9c,
    type: 3}
  m_PrefabInstance: {fileID: 7780203734198960953}
  m_PrefabAsset: {fileID: 0}
  m_GameObject: {fileID: 0}
  m_Enabled: 1
  m_EditorHideFlags: 0
  m_Script: {fileID: 11500000, guid: 2dea7a00f117a6a418d3d339bd952b54, type: 3}
  m_Name: 
  m_EditorClassIdentifier: 
--- !u!1 &873395558088008414 stripped
GameObject:
  m_CorrespondingSourceObject: {fileID: 7486735970036195815, guid: 0be34aefac95ce9489b329ac39f86c9c,
    type: 3}
  m_PrefabInstance: {fileID: 7780203734198960953}
  m_PrefabAsset: {fileID: 0}
--- !u!1 &5562663426036959635 stripped
GameObject:
  m_CorrespondingSourceObject: {fileID: 2795146552164043434, guid: 0be34aefac95ce9489b329ac39f86c9c,
    type: 3}
  m_PrefabInstance: {fileID: 7780203734198960953}
  m_PrefabAsset: {fileID: 0}
--- !u!1 &8057359829544656296 stripped
GameObject:
  m_CorrespondingSourceObject: {fileID: 299955570073018001, guid: 0be34aefac95ce9489b329ac39f86c9c,
    type: 3}
  m_PrefabInstance: {fileID: 7780203734198960953}
  m_PrefabAsset: {fileID: 0}
--- !u!114 &3061785076759839256
MonoBehaviour:
  m_ObjectHideFlags: 0
  m_CorrespondingSourceObject: {fileID: 0}
  m_PrefabInstance: {fileID: 0}
  m_PrefabAsset: {fileID: 0}
  m_GameObject: {fileID: 0}
  m_Enabled: 1
  m_EditorHideFlags: 0
  m_Script: {fileID: 11500000, guid: 5a02c493e32962442a709cf16d358208, type: 3}
  m_Name: 
  m_EditorClassIdentifier: 
  cooldown: {fileID: 0}
  cooldownField: {fileID: 0}
  cardPlayedT2: {fileID: 0}
  cardPlayedT1: {fileID: 0}
  PositionDraw: {fileID: 0}
  PositionPlay: {fileID: 0}
  readyButton: {fileID: 0}
  readyButtonField: {fileID: 0}
  pionIncitation: {fileID: 0}
  IndicationImage: {fileID: 0}
